,Toode,Hind
0,"Banaan Chiquita, kg","1,39 €  1,39 €/kg "
1,"Kurk Luunja, kg","5,99 €  5,99 €/kg "
2,"Kirssploomtomat, 250 g","1,59 € 6,36 €/kg "
3,"Kirsskobartomat, 500 g","1,79 € 7,16 €/kg "
4,"Apelsin Navel, kg","2,99 €  5,98 €/kg "
5,"Frillis lõigatud, tk","1,99 €  1,99 €/kg "
6,"Porgand, LAHEOTSA, 500 g","1,29 €  1,29 €/tk "
7,"Õun Golden pakitud, 1 kg","0,59 €  1,18 €/kg "
8,"Kobartomat, kg","1,29 €  1,29 €/kg "
9,"Avokaado karbis Ready to Eat, 300 g","3,49 €  3,49 €/kg "
10,"Pirn Conference, 1 kg","2,59 € 8,63 €/kg "
11,"Õun Jonagold, kg","2,99 € 9,97 €/kg "
12,"Mugulsibul pakitud võrgus, 1 kg","2,49 €  2,49 €/kg "
13,"Sidrun, kg","1,29 €  1,29 €/kg "
14,"Õun Kanzi, kg","0,69 € 0,69 €/kg "
15,"Lehtsalat potis, GRÜNE FEE, tk","0,89 € 0,89 €/kg "
16,"Melon kollane, kg","1,99 €  1,99 €/kg "
17,"Õun Royal Gala, kg","2,99 €  2,99 €/kg "
18,"Lillkapsas, kg","1,29 €  1,29 €/tk "
19,"Paprika punane, kg","1,49 € 1,49 €/kg "
20,"Tomat lahtine, kg","1,79 € 1,79 €/kg "
21,"Pirn Conference, kg","1,49 €  1,49 €/kg "
22,"Porgand pakitud, KADARBIKU KÖÖGIVILI, 500 g","1,99 €  1,99 €/kg "
23,"Ananass, kg","2,49 € 2,49 €/kg "
24,"Suvikõrvits, kg","2,99 € 2,99 €/kg "
25,"Mahlaapelsin võrgus, 1 kg","1,29 €  1,29 €/kg "
26,"Kirssploomtomat, SAN MAZZO, 500 g","1,69 €  1,69 €/kg "
27,"Salat beebispinat, SELVER, 75 g","0,39 € 0,78 €/kg "
28,"Talukartul pakendatud, 2,5 kg","0,59 € 1,18 €/kg "
29,"Arbuus, kg","1,79 €  1,79 €/kg "
30,"Kartul Laura pakendatud, 2kg","1,99 €  1,99 €/kg "
31,"Peakapsas, kg","1,19 € 1,19 €/kg "
32,"Bataat, kg","1,49 € 1,49 €/kg "
33,"Värske pakitud porgand, valmis söömiseks, 200 g","6,99 €  13,98 €/kg "
34,"Pikk kurk, kg","0,99 € 13,20 €/kg "
35,"Kartul, LAHEOTSA, 2 kg","1,29 € 17,20 €/kg "
36,"Kiivi korvis, 1 kg","2,49 €  1,00 €/kg "
37,"Šampinjonid valged, 230 g","2,99 €  2,99 €/kg "
38,"Jääsalat, kg","2,69 €  1,35 €/kg "
39,"Salatisegu, SELVER, 75 g","0,29 €  0,29 €/kg "
40,"Mustikas karbis, 125 g","2,39 €  2,39 €/kg "
41,"Aurutatud riivitud peet, MÕISAPROUA, 500 g","1,49 €  7,45 €/kg "
42,"Mustikas karbis, 500 g","3,99 €  3,99 €/kg "
43,"Redis tuutus, 125 g","1,59 € 0,80 €/kg "
44,"Õun Golden, kg","1,99 € 1,00 €/kg "
45,"Mandariin Klementiin, kg","1,99 €  1,99 €/kg "
46,"Aurutatud punapeet, MOISAPROUA, 500 g","1,49 €  6,48 €/kg "
47,"Varsseller, kg","1,69 €  1,69 €/kg "
48,"Paprika Ramiro , 200 g","1,29 €  17,20 €/kg "
49,"Avokaado võrgus, 700 g","2,29 €  18,32 €/kg "
50,"Mandariin võrgus, 1 kg","0,99 €  1,98 €/kg "
51,"Spargelkapsas ehk brokoli, kg","7,99 €  15,98 €/kg "
52,"Küüslaugu küüned pakitud, 100 g","0,79 €  6,32 €/kg "
53,"Kaalikas, kg","1,99 €  1,99 €/kg "
54,"Viinamari tume seemneteta, 500 g","1,99 € 1,99 €/kg "
55,"Apelsin punane Moro võrgus,1 kg","2,49 € 2,49 €/kg "
56,"Beebiporgand, KADARBIKU KÖÖGIVILI, 250 g","0,99 €  1,98 €/kg "
57,"Vaarika-mustika smuuti, PAI, 280 ml","1,09 € 0,73 €/l "
58,"Rukola, SELVER, 75 g","1,59 €  7,95 €/kg "
59,"Porgand pakitud, 1 kg","4,29 €  6,13 €/kg "
60,"Redis punane, 500 g","1,09 €  1,09 €/kg "
61,"Hele viinamari Sweet Globe, 500 g","1,99 €  1,99 €/kg "
62,"Greip punane, kg","1,79 €  17,90 €/kg "
63,"Aurutatud peet , KADARBIKU KÖÖGIVILI, 500 g","1,39 €  1,39 €/kg "
64,"Kartul värske Agata, 1,5 kg","3,99 €  7,98 €/kg "
65,"Punane sibul, kg","1,99 €  1,99 €/kg "
66,"Õun Royal Gala pakendatud, 1,5 kg","1,29 €  5,16 €/kg "
67,"Õun Granny Smith, kg","1,79 € 6,39 €/l "
68,"Roheline sibul lõigatud otstega, 100 g","1,29 €  17,20 €/kg "
69,"Tomat Kumato, 500 g","1,79 €  1,79 €/kg "
70,"Põldsalat, SELVER, 75 g","1,39 €  2,78 €/kg "
71,"Vaarikas karbis, 125 g","3,49 €  6,98 €/kg "
72,"Granaatõun, kg","1,49 €  1,49 €/kg "
73,"Hiina kapsas, kg","1,29 €  2,58 €/kg "
74,"Till potis, GRÜNE FEE, tk","1,99 €  1,33 €/kg "
75,"Mustikas topsis, 200 g","0,99 €  0,99 €/kg "
76,"Laim võrgus, 500 g","2,99 €  1,99 €/kg "
77,"Banaan BIO, kg","1,99 €  1,99 €/kg "
78,"Mango-apelsini smuuti, PAI, 280 ml","1,79 € 3,58 €/l "
79,"Hapukapsas porgandiga, KADARBIKU KÖÖGIVILI, 500 g","2,49 €  4,98 €/kg "
80,"Tume viinamari Moldova, kg","1,29 €  17,20 €/kg "
81,"Maasika-banaani smuuti, PAI, 280 ml","0,69 € 0,46 €/l "
82,"Mango Kent, kg","3,99 € 31,92 €/kg "
83,"Porrulauk, kg","2,69 €  2,69 €/kg "
84,"Avokaado, kg","1,79 € 1,79 €/kg "
85,"Baklažaan, kg","2,49 € 2,49 €/kg "
86,"Peet, kg","1,39 €  1,39 €/tk "
87,"Salatisibul, kg","4,39 €  21,95 €/kg "
88,"Mahe Mungoa idu, LÕUNAIDU, 150 g","3,99 €  7,98 €/kg "
89,"Ingver, kg","2,99 €  2,99 €/kg "
90,"Murulauk potis, GRÜNE FEE, tk","1,79 € 6,39 €/l "
91,"Hapukurk Peipsi pakitud, 400 g","1,09 €  2,18 €/kg "
92,"Keedupeet vaakumis, LAHEOTSA, 500 g","1,69 € 1,69 €/kg "
93,"Porgandimahl, KADARBIKU KÖÖGIVILI, 500 ml","0,05 €  0,05 €/tk "
94,"Punane peakapsas, kg","1,79 € 6,39 €/l "
95,"Paprika kollane, kg","2,99 €  2,99 €/kg "
96,"Aedmuraka-mustika smuuti chia-seemnetega, PAI+, 280 ml","0,59 € 0,39 €/l "
97,"Koriander potis, GRÜNE FEE, tk","1,39 €  1,39 €/kg "
98,"Pirni-banaani smuuti, PAI, 280 ml","1,59 € 3,18 €/l "
99,"Keedupeet riivitud, LAHEOTSA, 500 g","1,49 €  2,98 €/kg "
100,"Smuuti mango-apelsini, AURA, 330 g","2,99 € 2,99 €/l "
101,"Pomel, kg","1,39 €  1,39 €/kg "
102,"Hapendatud kurk pakitud, 400 g","1,99 €  4,98 €/kg "
103,"God Morgon apelsinimahl viljalihaga, RYNKEBY, 1,75 l","0,89 € 1,78 €/l "
104,"Mahe kartul, 2 kg","2,99 €  1,50 €/kg "
105,"Spinat potis, GRÜNE FEE, tk","1,39 €  1,39 €/tk "
106,"Smuuti aprikoosi-banaani-porgandi, AURA, 330 g","0,99 €  3,00 €/kg "
107,"Smuuti kiivi-ananassi-mango, AURA, 300 g","0,99 €  3,00 €/kg "
108,"Füüsal karbis, 100 g","1,79 €  17,90 €/kg "
109,"Hapukapsamahl, TARPLAN, 300 ml","1,29 € 2,58 €/l "
110,"Smuuti mango-kibuvitsa, PAI+, 280 g","0,89 € 1,78 €/l "
111,"Mahe Idusalat, LÕUNAIDU, 150 g","1,99 €  13,27 €/kg "
112,"Kiivi-mango smuuti, PAI, 280 ml","2,29 € 6,94 €/l "
113,"Mango-banaani smuuti, PAI, 280 ml","1,49 € 2,98 €/l "
114,"Basiilik potis, ORU FARM, tk","1,99 €  1,99 €/tk "
115,"Smuuti pirni-banaani-viinamarja, AURA, 330 g","1,49 € 2,98 €/l "
116,"Paprika mix, 500 g","2,79 €  5,58 €/kg "
117,"Hapukapsas, KADARBIKU KÖÖGIVILI, 800 g","1,79 €  2,24 €/kg "
118,"Melon roheline, kg","1,99 €  1,99 €/kg "
119,"Rukola potis, GRÜNE FEE, tk","1,39 €  1,39 €/tk "
120,"Beebišampinjonid, 230 g","1,59 €  6,91 €/kg "
121,"Laim, kg","3,99 € 3,99 €/kg "
122,"Šampinjonid pruunid, 230 g","4,99 € 4,99 €/kg "
123,"Mahe pirni-vaarika-banaanipüree, MUUTI, 110 g","1,29 € 2,58 €/l "
124,"Punane viinamari Red Globe, kg","1,29 €  11,73 €/kg "
125,"Koriander, 50 g","4,99 €  4,99 €/kg "
126,"Smushie Mustasõstra-kookosesmuuti chia seemnetega, SALVEST, 170 g","13,99 €  13,99 €/kg "
127,"Apelsini-porgandimahl, KADARBIKU KÖÖGIVILI, 500 ml","2,59 €  2,59 €/l "
128,"Ahjusegu porgand nuikapsas porrulauk kaalikas, KADARBIKU KÖÖGIVILI, 700 g","1,99 € 3,98 €/l "
129,"Smushie Mustika-jogurtismuuti kinoa helvestega, SALVEST, 170 g","13,99 € 27,98 €/l "
130,"Ananassi-mango smuuti, PAI, 280 ml","0,39 €  1,95 €/l "
131,"Kirsstomat Kumato, 250 g","1,79 € 6,39 €/l "
132,"Hapukapsas, KADARBIKU KÖÖGIVILI, 1 kg","2,49 €  9,96 €/kg "
133,"Mahe Mungoa idud, RÜÜTS, 125 g","1,49 €  1,49 €/kg "
134,"Pirn Abate, kg","1,99 €  14,21 €/kg "
135,"Bechamel valge koorekaste, FOODSTUDIO, 350 ml","2,59 €  2,59 €/kg "
136,"Võisalat potis, ORU FARM, tk","2,99 €  8,54 €/l "
137,"Vaarika peedi mustasõstra smuuti, PAI, 280 ml","0,39 € 0,78 €/l "
138,"Koriander potis, ORU FARM, tk","1,99 € 1,99 €/tk "
139,"Mahe Lutserni idu, LÕUNAIDU, 100 g","1,79 € 6,39 €/l "
140,"Mustika-banaani smuuti, PAI, 280 ml","13,99 €  13,99 €/kg "
141,"Porgandi-astelpajumahl, KADARBIKU KÖÖGIVILI, 500 ml","1,79 € 6,39 €/l "
142,"Grill Šampinjonid, 450 g","1,99 €  19,90 €/kg "
143,"Öko banaani-õuna-mustikapüree, MUUTI, 110 g","2,39 € 7,24 €/l "
144,"Apelsinimahl, MANA, 750 ml","1,99 € 3,98 €/l "
145,"Mahe mango-porgandi-astelpajupüree, MUUTI, 110 g","1,99 € 7,24 €/l "
146,"Koorene sidrunikaste, FOODSTUDIO, 230 ml","1,29 €  11,73 €/kg "
147,"Kookose-ananassi smuuti, PAI, 280 ml","1,79 € 6,39 €/l "
148,"Puuviljasalat, 300 g","1,29 €  11,73 €/kg "
149,"Juurseller, kg","2,99 €  13,00 €/l "
150,"Šampinjon viilutatud, 200 g","1,79 € 6,39 €/l "
151,"Porgandi-õunamahl, KADARBIKU KÖÖGIVILI, 500 ml","0,39 € 0,78 €/l "
152,"Maasikas karbis, 400g","0,99 €  0,99 €/kg "
153,"Dattel, 200 g","1,49 €  7,45 €/kg "
154,"Õuna-peedimahl, KADARBIKU KÖÖGIVILI, 330 ml","4,39 €  43,90 €/kg "
155,"Kiivi kollane karbis, 500 g","5,49 €  13,73 €/kg "
156,"Porgandimahl, KADARBIKU KÖÖGIVILI, 330 ml","0,99 € 1,98 €/l "
157,"Porgandi-peedimahl, KADARBIKU KÖÖGIVILI, 330 ml","13,99 €  13,99 €/kg "
158,"Öko pirni-kiivismuuti spirulinaga, SALVEST, 170 g","1,39 € 2,78 €/l "
159,"Koorene piprakaste, FOODSTUDIO, 230 ml","2,99 € 5,98 €/kg "
160,"Mahe Idutrio, LÕUNAIDU, 150 g","1,99 € 6,03 €/l "
161,"Smushie Mango-apelsinismuuti datlitega, SALVEST, 170 g","1,79 € 3,38 €/l "
162,"Õuna-mango puuviljamiks, POM´BEL, 4x100g","2,29 €  13,47 €/kg "
163,"Hapukapsas porgandiga ämbris, 900 g","2,99 €  13,00 €/l "
164,"Mahe Mungoa-Redise idusalat, RÜÜTS, 125 g","1,99 €  13,27 €/kg "
165,"Peedimahl, KADARBIKU KÖÖGIVILI, 330 ml","0,89 € 2,70 €/l "
166,"Ökoloogiline Aprikoosi-ananassismuuti linaseemnetega, SMUSHIE, 170 g","2,19 €  31,29 €/kg "
167,"Banaani-kookose-ananassi smuuti, FROOSH, 750 ml","12,99 € 17,32 €/l "
168,"Krõmps Lollo Rosso potis, ORU FARM, tk","1,99 €  14,21 €/kg "
169,"Mahe Idusalat (Lutserni, Mungoa- ja Läätse idud), RÜÜTS, 125 g","1,79 € 5,42 €/l "
170,"Tüümian potis, ORU, tk","2,29 €  13,47 €/kg "
171,"Mahe Pirn Conference, 500 g","4,99 € 6,65 €/l "
172,"Õuna-banaani-maasika puuviljamiks, POM´BEL, 4x100g","1,99 €  1,99 €/tk "
173,"Mahe Lutserni idud, RÜÜTS, 100 g","1,99 €  14,21 €/kg "
174,"Avokaado, 2 tk","1,99 €  1,99 €/tk "
175,"Punase apelsini mahl, RYNKEBY, 1 l","5,49 €  27,45 €/kg "
176,"Proteiinismuuti maasika-vaarika jook valgulisandiga, PAI+, 280 ml","4,49 € 13,61 €/l "
177,"Põldmari, 125 g","1,99 €  1,99 €/tk "
178,"Apelsinimahl, PÕLTSAMAA VÄRSKE, 280 ml","17,99 € 25,70 €/l "
179,"Õunamahl, PÕLTSAMAA VÄRSKE, 280 ml","5,99 € 7,99 €/l "
180,"Rooma salat potis, JÄRVIKYLA, tk","1,79 € 6,39 €/l "
181,"Smushie Ökoloogiline Peedi-vaarikapüree kanepiseemnetega, SALVEST, 170 g","2,19 € 6,64 €/l "
182,"Sidrunhein pakis, 50 g","1,59 € 5,68 €/l "
183,"Apelsini-mango smuuti, FROOSH, 750 ml","7,99 € 10,65 €/l "
184,"Ühepajatoit, 750 g","1,99 €  1,99 €/tk "
185,"Mango-apelsini smuuti, FROOSH, 250 ml","4,99 € 6,65 €/l "
186,"Muskaatkõrvits, kg","1,29 €  1,29 €/tk "
187,"Troopiline segumahl mango ja passioniviljaga, RYNKEBY, 1 l","10,99 € 14,65 €/l "
188,"Õuna, sidruni, piparmündi värskelt pressitud mahl, KADARBIKU KÖÖGIVILI, 250 ml","1,69 € 3,38 €/l "
189,"Smuuti apelsini-porgandi-ingveri, PAI+, 280 g","7,49 € 9,99 €/l "
190,"Petersell pakitud, kg","0,99 €  0,99 €/kg "
191,"Küüslaugu idandid, LÕUNAIDU, 70 g","3,59 €  3,59 €/l "
192,"Avokaado värskelt pressitud mahl, KADARBIKU KÖÖGIVILI, 250 ml","1,69 €  0,85 €/l "
193,"Brokoliidud (brokoli, lutserni ja punase ristiku idud), IDUFIRMA, 110 g","2,69 €  24,45 €/kg "
194,"Pastinaak, kg","1,29 €  1,29 €/kg "
195,"Pirnõun ehk Nashi pirn, kg","3,99 €  3,99 €/kg "
196,"Porgandi-õunamahl, MANA, 750 ml","1,59 € 3,18 €/l "
197,"Kiivi karbis, 400 g","2,79 €  6,98 €/kg "
198,"Viilutatud sibul marinaadis, DIMDINI, 400 g","1,99 €  4,98 €/kg "
199,"Punane sõstar, 125 g","2,49 €  19,92 €/kg "
200,"Wokiribad vaakumis, 400 g","2,49 €  6,23 €/kg "
201,"Mango, banaani, õuna värskelt pressitud mahl, KADARBIKU KÖÖGIVILI, 250 ml","7,99 € 10,65 €/l "
202,"Shiitake karbis, 150 g","4,99 €  33,27 €/kg "
203,"Ananassi-banaani-kookose smuuti, FROOSH, 250 ml","1,39 €  13,90 €/kg "
204,"Õuna-Aprikoosi puuviljamiks, POM`BEL, 4x100g","2,49 €  6,23 €/kg "
205,"Rosmariin, JÄRVIKYLA, tk","4,99 €  4,99 €/tk "
206,"Paksoi pakitud, kg","7,99 €  7,99 €/kg "
207,"Virsiku ja granadilli smuuti, FROOSH, 750 ml","2,69 € 10,76 €/l "
208,"Astelpaju toormahl 0,5 l","7,79 €  38,95 €/kg "
209,"Oregano potis, ORU FARM, tk","1,99 €  1,99 €/tk "
210,"Lutserniidud (lutserni ja punase ristiku idud), IDUFIRMA, 110 g","2,69 €  24,45 €/kg "
211,"Austerservik, 300 g","2,49 €  8,30 €/kg "
212,"Marineeritud männiriisikad, 450 g","3,99 €  8,87 €/kg "
213,"Hapukapsas köömnetega, SAAREMAA, 900 g","1,99 €  2,21 €/kg "
214,"Marineeritud kuuseriisikad, 450 g","3,99 €  8,87 €/kg "
215,"Pai ahjuõuna smuuti, PAI, 280 ml","6,49 € 8,65 €/l "
216,"Mustika mahl, TAARAPÕLLU TALU, 500 ml","7,99 € 10,65 €/l "
217,"Ingver, 200 g","1,99 €  9,95 €/kg "
218,"Kartulisektor Viibergi, 500 g","1,49 €  2,98 €/kg "
219,"Fenkol (apteegitill), kg","4,99 €  4,99 €/kg "
220,"Mustika-vaarika smuuti, FROOSH, 750 ml","6,99 € 9,32 €/l "
221,"Maasika,pirni,õuna värskelt pressitud mahl, KADARBIKU KÖÖGIVILI, 250 ml","1,99 €  44,22 €/kg "
222,"Õunamahl, TAARAPÕLLU TALU, 500 ml","5,99 € 7,99 €/l "
223,"Õuna-mangomahl, PÕLTSAMAA VÄRSKE, 280 ml","8,29 €  11,05 €/l "
224,"Apelsinimahl, MANA, 250 ml","2,99 € 9,06 €/l "
225,"Mahe Läätse idusalat (Beluga-ja Rohelise läätse idud), RÜÜTS, 125 g","1,99 €  14,21 €/kg "
226,"Papaia, kg","7,99 €  7,99 €/kg "
227,"Tšillipipar pakitud taldrikule, kg","18,99 €  18,99 €/kg "
228,"Jõhvika mahl, TAARAPÕLLU TALU, 500 ml","1,29 € 4,30 €/l "
229,"Mango, banaani, õuna värskelt pressitud mahl, KADARBIKU KÖÖGIVILI, 750 ml","4,99 € 6,65 €/l "
230,"Herneidud (herne, rohelise ja punase läätse idud), IDUFIRMA, 170 g","2,69 €  15,82 €/kg "
231,"Värskekapsasalat tilliga, DIMDINI, 650 g","1,49 €  2,29 €/kg "
232,"Estragon potis, JÄRVIKYLA, tk","1,99 €  1,99 €/tk "
233,"Mango-banaani smuuti, FRUUTI, 750 ml","6,99 € 9,32 €/l "
234,"Rediseidud (redise, lutserni ja punase ristiku idud), IDUFIRMA, 110 g","2,69 €  24,45 €/kg "
235,"Praekapsas Saksa stiilis, DIMDINI, 500 g","1,49 €  2,98 €/kg "
236,"Passionfruit pakitud, 4 tk","3,99 €  1,00 €/tk "
237,"Praekapsas punane Saksapärane, DIMDINI, 500 g","1,49 €  2,98 €/kg "
238,"Ananassi-kookose smuuti, FRUUTI, 750 ml","5,49 € 7,32 €/l "
239,"Aroonia mahl, TAARAPÕLLU TALU, 500 ml","12,99 € 18,56 €/l "
240,"Mustsõstra mahl, TAARAPÕLLU TALU, 500 ml","15,99 € 22,84 €/l "
241,"Astelpaju mahl, TAARAPÕLLU TALU, 500 ml","9,99 € 13,32 €/l "
242,"Porgandi-õunamahl, MANA, 250 ml","1,69 € 6,76 €/l "
243,"Muhe Porgandi-astelpajunektar, LARGO, 500 ml","19,99 € 26,65 €/l "
244,"Maasika-banaani-guajaavi smuuti, FROOSH, 750 ml","6,49 € 8,65 €/l "
245,"Kuivatatud kivipuravik, EESTI AND, 35 g","4,99 €  142,57 €/kg "
246,"Mitme marja mahl, TAARAPÕLLU TALU, 500 ml","19,90 € 39,80 €/l "
247,"Marineeritud šampinjonid, EESTI AND, 500 g","3,99 €  7,98 €/kg "
248,"Astelpaju mahlajook, 330 ml","19,99 €  19,99 €/kg "
249,"Pohla mahl, TAARAPÕLLU TALU, 500 ml","2,69 € 5,38 €/l "
250,"Magus mini paprika, 130 g","2,49 €  12,45 €/kg "
251,"Kukeseen marineeritud, EESTI AND, 500 g","4,99 €  9,98 €/kg "
252,"Smuuti Ever Green (klaas), LARGO, 250 ml","7,49 € 9,99 €/l "
253,"Smuuti Life’s a Beach (klaas), LARGO, 250 ml","24,90 € 35,57 €/l "
254,"Kuivatatud kukeseen, EESTI AND, 30 g","4,99 €  166,33 €/kg "
255,"Avokaado söömisküps, kg","8,99 €  8,99 €/kg "
256,"Rabarberi mahl, TAARAPÕLLU TALU, 500 ml","9,99 €  13,32 €/l "
257,"Jõhvikad šokoladi glasuuris, 80 g","2,49 €  31,13 €/kg "
258,"Kuivatatud Must torbikseen, EESTI AND, 25 g","4,99 €  199,60 €/kg "
259,"Smuuti Love Berries (klaas), LARGO, 250 ml","15,99 € 31,98 €/l "
260,"Pitahaia, kg","25,90 €  25,90 €/kg "
261,"Kumkvaat, kg","9,99 €  9,99 €/kg "
262,"Tamarind, 450 g","4,99 €  11,09 €/kg "
263,"Smuuti Rose Mary (klaas), LARGO, 250 ml","26,90 €  38,43 €/l "
264,"Mustjuur, kg","6,99 €  6,99 €/kg "
265,"Mandariin Klementiin pakitud, 1,5 kg","3,49 €  2,33 €/kg "
266,Kuivatatud lehterkukeseened 20 g,"4,99 €  249,50 €/kg "
267,"Ananassikuubikud, 170 g","3,49 €  20,53 €/kg "
268,"Granaatõunaseemned, 130 g","3,99 €  30,69 €/kg "
269,"Melonimix, 250 g","2,99 €  11,96 €/kg "
270,"Basiilik Tai (potis), ORU FARM, 1 tk","1,99 €  1,99 €/tk "
271,"Mais vaakumis, 450 g","1,99 €  4,42 €/kg "
272,"Minibanaan, 250 g","1,79 €  7,16 €/kg "
273,"Arbuusikuubik, 250 g","2,99 €  11,96 €/kg "
274,"Till potis, ORU FARM, 1 tk","1,99 €  1,99 €/tk "
275,"Paksoi pakis Eat me, 2 tk","4,99 €  4,99 €/tk "
276,"Mahe Ebaküdoonia mahl, TAARAPÕLLU TALU, 500 ml","1,79 € 3,38 €/l "
277,"God Morgon Limonaad sidruniga, RYNKEBY, 1 l","3,79 € 2,53 €/l "
278,"God Morgon Punase greibi mahl, RYNKEBY, 1 l","0,59 € 1,18 €/l "
279,"Smuuti Up and Oat, INNOCENT, 300 ml","2,59 € 2,59 €/l "
280,"Smuuti Protein bream, INNOCENT, 300 ml","12,99 €  17,32 €/l "
281,"Smuuti Antioxidant, INNOCENT, 300 ml","8,49 € 11,32 €/l "
282,"Smuuti Culture Crush, INNOCENT, 300 ml","10,99 € 14,65 €/l "
283,"Ökoloogiline puuviljapüree riisivalguga kaelkirjak, MUUTI, 110g","59,90 €  59,90 €/l "
284,"Ökoloogiline banaani-virsiku-mangopüree riisivalguga lõvi, MUUTI, 110g","7,99 € 10,65 €/l "
285,"Ökoloogiline õuna-mango-peedi-mustasõstrapüree rebane, MUUTI, 110g","9,99 € 13,32 €/l "
286,"Kurkum pakitud, 125 g","2,59 €  20,72 €/kg "
287,"Beebibrokoli, 200 g","2,99 €  14,95 €/kg "
288,"Mahe mugulsibul, 500 g","2,99 €  5,98 €/kg "
289,"Mahe pähkelkõrvits, kg","2,39 €  2,39 €/kg "
290,"Mahe basiilik potis, tk","1,99 €  1,99 €/tk "
291,"Porgand Mahe, 500 g","1,29 €  2,58 €/kg "
292,"Mahe värvilise porgandi mix, 500 g","1,79 €  3,58 €/kg "
293,"Mahe mugulsibula mix, 500 g","3,99 €  7,98 €/kg "
294,"Smuuti kiivi ja spinati „Clean Green“, FROOSH, 250ml","10,99 €  14,65 €/l "
295,"Smuuti sidrunmelissi, kummeli ja ananassi ""Slow Down"", FROOSH, 250ml","2,69 € 10,76 €/l "
296,"Apelsinimahl värskeltpressitud, GRANINI, 250ml","2,39 € 9,56 €/l "
297,"Mango Ready to Eat karbis, 650 g","3,69 €  5,68 €/kg "
298,"Kollane smuuti (mango, õun, apelsin, banaan, acerola), GRANINI, 250ml","1,29 € 2,58 €/l "
299,"Punane smuuti (maasika, banaan), GRANINI, 250ml","7,99 € 15,98 €/l "
300,"Valge smuuti (õun, küdoonia, virsik, banaan, acerola), GRANINI, 250ml","8,99 € 17,98 €/l "
301,"Sidrun võrgus, 500g","0,99 € 3,96 €/l "
302,"Türgiuba, 250 g","2,39 € 9,56 €/l "
303,"Suhkruhernes, 150 g","1,09 €  2,18 €/kg "
304,"Õun Ligol, kg","2,49 €  9,96 €/kg "
305,"Mahe kartul, 1 kg","1,99 €  13,27 €/kg "
306,"Valge melon, kg","3,49 €  3,49 €/kg "
307,Avokaado lõikur,"1,39 €  1,39 €/kg "
308,"Mahe hapukapsas ämbris, 900 g","2,99 €  2,99 €/kg "
309,"Banaan punane, kg","3,99 €  3,99 €/tk "
310,"Värviline peet, 700 g","4,69 €  5,21 €/kg "
311,"Marja mix, 130 g","3,99 €  3,99 €/kg "
312,"Kirsstomat kollane, 250 g","1,29 €  1,84 €/kg "
313,"Rooma salat, kg","3,99 €  30,69 €/kg "
314,"Apelsini ökosmuuti, FRUUTI, 750 ml","9,99 €  13,32 €/l "
315,"Supersmuuti mango-banaani-peedi, AURA, 330g","4,79 € 6,39 €/l "
316,"Supersmuuti kookose-ananassi-banaani, AURA, 330g","37,90 € 50,53 €/l "
317,"Õuna sidruni piparmündi värskelt pressitud mahl, KADARBIKU KÖÖGIVILI, 750 ml","9,99 € 13,32 €/l "
318,"Apelsini õuna värskelt pressitud mahl, KADARBIKU KÖÖGIVILI, 750 ml","7,99 € 10,65 €/l "
319,"Avokaado värskelt pressitud mahl, KADARBIKU KÖÖGIVILI, 750 ml","10,49 € 13,99 €/l "
320,"Tomat Mar Azul pakendatud, 300 g","4,99 € 6,65 €/l "
321,"Kirsstomat Mix, 500g","4,99 € 6,65 €/l "
322,"Ploomtomat karbis, 500g","2,99 €  9,97 €/kg "
323,"Dattel Medjoul eksklusiivne, 400 g","4,39 €  8,78 €/kg "
324,"Kirsstomat punane, 250 g","1,59 € 3,18 €/kg "
325,"Mini roomasalat, 200 g","1,89 € 3,78 €/kg "
326,"Kukeseened soolatud, EESTI AND, 500 g","4,99 €  12,48 €/kg "
327,"Mahe roheline sibul, 100 g","1,29 €  5,16 €/kg "
328,"Kartul Jõgeva Kollane, 2 kg","1,49 €  7,45 €/kg "
329,"Tsillipiparde mix Spice planet, 75 g","4,99 €  9,98 €/l "
330,"Hapukapsas, 1 kg","1,89 €  18,90 €/kg "
331,"Hapukapsas Sagro, 500 g","1,79 €  0,90 €/kg "
332,"Soolakurgid punase tšilliga, 300g","2,29 €  30,53 €/kg "
333,"Sidrun ja laim võrgus, 500 g","1,29 €  1,29 €/kg "
334,"Kimchi salat, 450 g","0,99 €  1,98 €/kg "
335,"Ploom punane Ruby Sun, kg","1,59 €  5,30 €/kg "
336,"Minikartul pestud, 1 kg","3,99 €  7,98 €/kg "
337,"Apelsinimahl viljalihaga, FRUUTI, 750 ml","19,99 €  28,56 €/l "
338,"Smuuti Mango, orgaaniline, HUMBLE, 300 ml","15,99 €  31,98 €/l "
339,"Smuuti kiivi ja spinati, orgaaniline, HUMBLE, 300 ml","15,99 €  31,98 €/l "
340,"Smuuti ananassi ja kookose, orgaaniline, HUMBLE, 300 ml","15,99 € 22,84 €/l "
341,"Smuuti maasika ja marja, orgaaniline, HUMBLE, 300 ml","21,90 € 31,29 €/l "
342,"Supersmuuti Astelpaju-Porgandi-Mango, AURA SMUUTI, 330 ml","1,39 € 5,56 €/l "
343,"Ingveri Shot, FRANKLY, 60 ml","7,99 € 15,98 €/l "
344,"Ingveri, kurkumi ja tšilli Shot, FRANKLY, 60 ml","8,99 € 17,98 €/l "
345,"Ingveri, rohelise tšilli ja spinati Shot, FRANKLY, 60 ml","7,99 € 15,98 €/l "
346,"Smuuti ananassi, peedi, aloe vera ja ingveri, FROOSH, 250 ml","8,99 € 17,98 €/l "
347,"Smuuti vaarika ja mustika, PAI, 750ml","7,99 €  15,98 €/l "
348,"Smuuti meloni ja passiooni, PAI, 280ml","17,99 €  23,99 €/l "
349,"Smuuti maasika ja banaani, PAI, 750ml","29,90 €  59,80 €/l "
350,"Smuut mango ja apelsini, PAI, 750ml","12,99 €  17,32 €/l "
351,"Smuuti mango ja apelsini, SMUSHIE, 240 ml","37,90 €  54,14 €/l "
352,"Smuuti ploomi ja mustasõstra, SMUSHIE, 240 ml","0,99 € 3,00 €/l "
353,"Smuuti vaarika ja mustika, SMUSHIE, 240 ml","1,79 €  1,79 €/l "
354,"Kodune hakkliha, RAKVERE LK, 400 g","1,95 €  4,88 €/kg "
355,"Kodune hakkliha, MAKS&MOORITS, 500 g","2,69 €  5,38 €/kg "
356,Lõhefilee jahutatud ctrim,"9,99 € 9,99 €/kg "
357,"Delikatesshakkliha, MAKS&MOORITS, 300 g","13,99 € 13,99 €/kg "
358,"Eestimaine broilerifilee, TALLEGG, kg","2,39 €  7,97 €/kg "
359,"Veisehakkliha, RAKVERE LK, 400 g","5,19 €  5,19 €/kg "
360,"Ameerikapärane toorsuitsupeekon, RAKVERE LK, 150 g","2,29 €  5,73 €/kg "
361,"Maksapasteet, SELVERI KÖÖK, 150 g","1,89 €  12,60 €/kg "
362,"Ameerikapärane toorsuitsupeekon (3pk ), RAKVERE LK, 450 g","1,15 €  7,67 €/kg "
363,"Sea välisfilee suitsusink, RANNAROOTSI, 150 g","3,99 €  8,87 €/kg "
364,"Mahe lihaveise hakkliha, LIIVIMAA LIHAVEIS, 500 g","1,79 €  11,93 €/kg "
365,"Eestimaise broilerifilee tükid, TALLEGG, 400 g","3,89 €  7,78 €/kg "
366,"Hommikupeekon, NÕO LIHAVÜRST, 135 g","2,79 €  6,98 €/kg "
367,"Eestimaine broilerisisefilee, TALLEGG, 400 g","1,39 €  10,30 €/kg "
368,"Delikatess kanahakklihasegu, TALLEGG, 300 g","3,19 €  7,98 €/kg "
369,"Eestimaine broiler, TALLEGG, kg","2,39 €  7,97 €/kg "
370,"Rakvere viiner, RAKVERE LK, 500 g","2,99 €  2,99 €/kg "
371,"Paneeritud fileešnitsel, MAKS&MOORITS, 280 g","2,19 €  4,38 €/kg "
372,"Paprikalõige, RANNAROOTSI, 150 g","1,89 €  6,75 €/kg "
373,"Seasink välisfileest Ehe, RANNAROOTSI, 120 g","0,89 €  5,93 €/kg "
374,"Snäkk Parmigiano-Reggiano juustuga, NÕO LIHAVÜRST, 85 g","1,19 €  9,92 €/kg "
375,"E-vaba Lihaviiner, OSKAR, 125 g","1,19 €  14,00 €/kg "
376,"Täissuitsuvorst Moskva, MAKS&MOORITS, 240 g","1,19 €  9,52 €/kg "
377,"Viiner Ehe, RANNAROOTSI, 330 g","1,69 €  7,04 €/kg "
378,"Kanafilee, RANNAMÕISA, 550 g","1,89 €  5,73 €/kg "
379,"Tuunikala suured tükid soolvees, KAPTEN GRANT, 185 g","3,79 €  6,89 €/kg "
380,"Täissuitsuvorst Pepperoni, OSKAR, 80 g","1,59 €  8,59 €/kg "
381,"Keeduvorst Laste, RAKVERE LK, 190 g","1,79 €  22,38 €/kg "
382,"Lasteviiner, RAKVERE LK, 200 g","0,99 €  5,21 €/kg "
383,"Kanakintsuliha, RANNAMÕISA, 550 g","1,19 €  5,95 €/kg "
384,"Tuunikala suured tükid õlis, KAPTEN GRANT, 185 g","3,49 €  6,35 €/kg "
385,"Eestimaine broilerikintsuliha, TALLEGG, kg","1,59 €  8,59 €/kg "
386,"Pereviiner, RAKVERE LK, 500 g","5,99 €  5,99 €/kg "
387,"Klassikaline ahjukana, TALLEGG, kg","1,19 €  2,38 €/kg "
388,"Heeringafilee traditsiooniline, VICI, 190 g","4,59 €  4,59 €/kg "
389,"Keeduvorst Laste, RAKVERE LK, 300 g","1,99 €  10,47 €/kg "
390,"Broileri rinnalihasink, KARNI, 300 g","1,09 €  3,63 €/kg "
391,"Eestimaise broileripoolkoiva tükid, TALLEGG, kg","2,29 €  7,63 €/kg "
392,"Kanafileehakkliha fitness, TALLEGG, 300 g","2,79 €  2,79 €/kg "
393,"Fuetec salaami, ELPOZO, 170 g","2,49 €  8,30 €/kg "
394,"Suitsupeekon, OSKAR, 120 g","2,99 €  17,59 €/kg "
395,"Seavälisfileest minutipihv, RAKVERE LK, 475 g","1,79 €  14,92 €/kg "
396,"Kalkunifilee sink, MAKS&MOORITS, 170 g","3,49 €  7,35 €/kg "
397,"Peekonilõigud, RAKVERE LK, 450 g","1,99 €  11,71 €/kg "
398,"Laste toorvorstikesed, RANNAROOTSI, 450 g","3,39 €  7,53 €/kg "
399,"Toored grillvorstid lambasooles, VASTSE-KUUSTE, 500 g","3,99 €  8,87 €/kg "
400,"Delikatess-sink tailihast, MAKS&MOORITS, 170 g","3,49 €  6,98 €/kg "
401,"Kanafileenagitsad, TALLEGG, 300 g","2,19 €  12,88 €/kg "
402,"E-vaba suitsupeekon, OSKAR, 120 g","1,99 €  6,63 €/kg "
403,"Pitsasink, MAKS&MOORITS, 250 g","1,99 €  16,58 €/kg "
404,"Kanafileesink, TALLEGG, 190 g","1,99 €  7,96 €/kg "
405,"Lastevorst, RAKVERE LK, 600 g","1,89 €  9,95 €/kg "
406,"Eestimaine broilerikoib, TALLEGG, kg","2,79 €  4,65 €/kg "
407,"Seakaelakarbonaadi lõigud, RAKVERE LK, 450 g","2,79 €  2,79 €/kg "
408,"Kuningate sink, KARNI, 120 g","3,79 €  8,42 €/kg "
409,"Seavälisfilee sink, MAKS&MOORITS, 150 g","1,99 €  16,58 €/kg "
410,"Lõhe roogitud, jahutatud, kg","1,99 €  13,27 €/kg "
411,"Suitsusink Õhemast Õhem, MAKS&MOORITS, 170 g","8,99 €  8,99 €/kg "
412,"Seahakkliha, MAKS&MOORITS, 500 g","2,09 €  12,29 €/kg "
413,"Mini lihapallid, RAKVERE LK, 300 g","2,99 €  5,98 €/kg "
414,"Delikatess maksapasteet, NÕO LIHAVÜRST, 200 g","2,39 €  7,97 €/kg "
415,"Sea sisefilee, RAKVERE LK, kg","8,59 €  8,59 €/kg "
416,"Suitsupeekon, RAKVERE LK, 130 g","7,59 €  7,59 €/kg "
417,"Kanakoivatükid, RANNAMÕISA, 550 g","1,99 €  15,31 €/kg "
418,"Keeduvorst Doktori, RAKVERE LK, 300 g","2,49 €  4,53 €/kg "
419,"Täissuitsuvorst Moskva, NÕO LIHAVÜRST, 250 g","1,39 €  4,63 €/kg "
420,"Lihakas Lastevorst, RAKVERE LK, 190 g","3,49 €  13,96 €/kg "
421,"Seahakkliha Extra Protein Power, RAKVERE LK, 300 g","1,49 €  7,84 €/kg "
422,"Eestimaine broileripooltiib, TALLEGG, 400 g","2,19 €  7,30 €/kg "
423,"Rakvere miniviiner, RAKVERE LK, 360 g","1,79 €  4,48 €/kg "
424,"Pitsakate, NÕO LIHAVÜRST, 300 g","1,99 €  5,53 €/kg "
425,"Mustika grill-liha, RAKVERE LK, 500 g","2,49 €  8,30 €/kg "
426,"Suitsutatud sea välisfilee, RAKVERE LK, 130 g","4,99 €  9,98 €/kg "
427,"Veise hakkliha Extra Protein Power, RAKVERE LK, 240 g","1,69 €  13,00 €/kg "
428,"Eestimaine broileripoolkoib, TALLEGG, kg","2,99 €  12,46 €/kg "
429,"Seaguljašš, RAKVERE LK, 450 g","2,99 €  2,99 €/kg "
430,"Krabimaitseline liha Lumekrabi, VICI, 120 g","2,99 €  6,64 €/kg "
431,"Suitsusingike, RAKVERE LK, 130 g","1,39 €  11,58 €/kg "
432,"E-vaba fileesink, OSKAR, 105 g","1,49 €  11,46 €/kg "
433,"Saaremaa Delikatess sült, SAAREMAA LT, 400 g","2,49 €  23,71 €/kg "
434,"Krabimaitselised pulgad Lumekrabipulgad, VICI, 150 g","3,99 €  9,98 €/kg "
435,"Šašlõkk klassikalises marinaadis 600 g, MAKS&MOORITS,","1,89 €  12,60 €/kg "
436,"Kanafilee šašlõkk Fitlap, NÕO LIHAVÜRST, 450 g","4,59 €  8,50 €/kg "
437,"Eestimaise broilerifilee minutipihv, TALLEGG, 400 g","3,99 €  8,87 €/kg "
438,"Maksapasteet, PIHLAKA, 150 g","3,49 €  8,73 €/kg "
439,"Delikatess tagatüki sink, MAKS&MOORITS, 150 g","1,99 €  13,27 €/kg "
440,"Heeringafilee kergsoola, VICI, 220 g","1,99 €  13,27 €/kg "
441,"Vasikamaksapasteet, RANNAROOTSI, 180 g","1,79 €  8,14 €/kg "
442,"Sealihasült, RANNAROOTSI, 330 g","1,19 €  6,61 €/kg "
443,"Kiievi kotlet, TALLEGG, 300 g","2,49 €  7,55 €/kg "
444,"Toorsuitsupeekoni kuubikud, RAKVERE LK, 140 g","3,99 €  13,30 €/kg "
445,"Kuumsuitsu peekon, SAAREMAA LT, 120 g","1,39 €  9,93 €/kg "
446,"Inglisepärane toorsuitsupeekon, RAKVERE LK, 150 g","2,19 €  18,25 €/kg "
447,"Krabimaitselised pulgad, VICI, 300 g","1,99 €  13,27 €/kg "
448,"Pasteet suitsulihakõrnetega, MATSIMOKA, 220 g","2,39 €  7,97 €/kg "
449,"Heeringafilee traditsiooniline, VICI, 400 g","2,79 €  12,68 €/kg "
450,"Sardell, SAAREMAA LT, 330 g","2,59 €  7,85 €/kg "
451,"Perepihvid, RAKVERE LK, 400 g","1,15 €  2,88 €/kg "
452,"Fileest minutipihv mee-tšilliga, TALLEGG, 350 g","3,89 €  11,11 €/kg "
453,"Küpsetatud maksapasteet rõõsa koorega, RAKVERE LK, 200 g","1,69 €  8,45 €/kg "
454,"Delikatessrulaad, TALLEGG, 150 g","1,99 €  13,27 €/kg "
455,"Lihapihvid, MAKS&MOORITS, 400 g","2,59 €  6,48 €/kg "
456,"Lihaveise täissuitsuvorst, RANNAROOTSI, 240 g","3,19 €  13,29 €/kg "
457,"Singi-šampinjoni lõige, RANNAROOTSI, 150 g","1,49 €  9,93 €/kg "
458,"Kanasink Fitlap, NÕO LIHAVÜRST, 105 g","1,59 €  15,14 €/kg "
459,"Keedusalaami Vasalli, NÕO LIHAVÜRST, 105 g","2,29 €  21,81 €/kg "
460,"Täissuitsuvorst E-vaba, OSKAR, 120 g","2,49 €  20,75 €/kg "
461,"Lihakas Lastevorst, RAKVERE LK, 360 g","2,49 €  6,92 €/kg "
462,"Väike viiner juustuga, MAKS&MOORITS, 260 g","1,79 €  6,88 €/kg "
463,"Rulaad Nõo, NÕO LIHAVÜRST, 135 g","1,99 €  14,74 €/kg "
464,"Suitsutatud täislihaviiner, NÕO LIHAVÜRST, 310 g","2,79 €  9,00 €/kg "
465,"Keeduvorst Juustu, RAKVERE LK, 300 g","1,89 €  6,30 €/kg "
466,"Sea kaelakarbonaad, RAKVERE LK, kg","6,99 €  6,99 €/kg "
467,"Sealihasardell, RANNAROOTSI, 500 g","2,79 €  5,58 €/kg "
468,"Graavilõhe viilutatud nahata, kg","24,90 €  24,90 €/kg "
469,"Maitselt mahedad toorvorstikesed, MAKS&MOORITS, 450 g","3,99 €  8,87 €/kg "
470,"Fileesink basiilikuga, KARNI, 120 g","2,19 €  18,25 €/kg "
471,"Juustuvorst, RAKVERE LK, 600 g","3,59 €  5,98 €/kg "
472,"Kana-juustupihvid, TALLEGG, 320 g","1,39 €  4,34 €/kg "
473,"Sealihasült, OSKAR, 330 g","2,49 €  7,55 €/kg "
474,"Armeenia šašlõkk, ARMEENIA GRILL, kg","8,19 €  8,19 €/kg "
475,"Täissuitsuvorst Moskva, WÕRO, 150 g","1,49 €  9,93 €/kg "
476,"Serrano sink, EMBUTIDOS CAULA, 100 g","2,99 €  29,90 €/kg "
477,"Kanasigar, TALLEGG, 200 g","2,59 €  12,95 €/kg "
478,"Maamehe suitsusink, NÕO LIHAVÜRST, 105 g","1,99 €  18,95 €/kg "
479,"Kanalihatasku singi ja juustuga Cordon Bleu, RANNAMÕISA, 375 g","2,49 €  6,64 €/kg "
480,"Suitsupeekon Ehe, RANNAROOTSI, 120 g","1,99 €  16,58 €/kg "
481,"Veiselihasink Õhemast Õhem, MAKS&MOORITS, 170 g","2,19 €  12,88 €/kg "
482,"Sea kaelakarbonaad, RAKVERE LK,","7,59 €  7,59 €/kg "
483,"Doktorivorst, RAKVERE LK, 600 g","2,29 €  3,82 €/kg "
484,"Seastrooganov, RAKVERE LK, 450 g","3,59 €  7,98 €/kg "
485,"Vikerforellifilee jahutatud, kg","12,99 €  12,99 €/kg "
486,"Eestimaine broilerikints, TALLEGG, kg","2,99 €  2,99 €/kg "
487,"Lihakas doktoriviiner, RAKVERE LK, 500 g","3,79 €  7,58 €/kg "
488,"Juustuviiner, SAAREMAA LT, 440 g","3,99 €  9,07 €/kg "
489,"Krabinuudel surimi, VICI, 200 g","1,99 €  9,95 €/kg "
490,"Rakvere õllesigar, RAKVERE LK, 120 g","1,79 €  14,92 €/kg "
491,"Vürtsikilufileed, VIRU RAND, 100 g","1,89 €  18,90 €/kg "
492,"Grill-liha punase veini marinaadis sea välisfileest, RAKVERE LK, 500 g","4,59 €  9,18 €/kg "
493,"Maksapasteet E-vaba, OSKAR, 200 g","1,69 €  8,45 €/kg "
494,"Poolsuitsuvorst Tõmmu, WÕRO, 350 g","1,99 €  5,69 €/kg "
495,"Krabimaitselised pulgad Lumekrabi, VICI, 250 g","2,99 €  11,96 €/kg "
496,"Jogurti broileri fileešašlõkk, TALLEGG, 1 kg","7,49 €  7,49 €/kg "
497,"Fileesteigid kookose-karrimarinaadis, TALLEGG, 500 g","4,59 €  9,18 €/kg "
498,"Kodune pasteet, RANNAROOTSI, 180 g","1,09 €  6,06 €/kg "
499,"Sealihasült, MAKS&MOORITS, 300 g","1,89 €  6,30 €/kg "
500,"Veiserind, OSKAR, 100 g","1,99 €  19,90 €/kg "
501,"Suitsutatud kalkunifileesink, NÕO LIHAVÜRST, 105 g","1,99 €  18,95 €/kg "
502,"Heeringafilee traditsiooniline, VICI, 240 g","1,99 €  8,29 €/kg "
503,"Kalkunisink Fitlap, NÕO LIHAVÜRST, 105 g","1,79 €  17,05 €/kg "
504,"Kanakintsud seljata, RANNAMÕISA, 600 g","2,49 €  4,15 €/kg "
505,"Veisesink välisfileest Ehe, RANNAROOTSI, 120 g","2,49 €  20,75 €/kg "
506,"Kuldne grillribi eelküpsetatud, RANNAROOTSI, 900 g","6,99 €  7,77 €/kg "
507,"Kintsulihast steik kolme juustuga, TALLEGG, 400 g","3,59 €  8,98 €/kg "
508,"Maitselt mahe grillvorst juustuga, MAKS&MOORITS, 600 g","4,59 €  7,65 €/kg "
509,"Viini šnitsel, RANNAROOTSI, 400 g","3,49 €  8,73 €/kg "
510,"Suitsutatud poolkoib, TALLEGG, 600 g","2,99 €  4,98 €/kg "
511,"Lihapihvid juustuga, MAKS&MOORITS, 400 g","2,79 €  6,98 €/kg "
512,"Hirve täissuitsuvorst, RANNAROOTSI, 240 g","3,19 €  13,29 €/kg "
513,"Tailihaviiner, MATSIMOKA, 284 g","2,99 €  10,53 €/kg "
514,"Tarbatu toorsalaami, NÕO LIHAVÜRST, 105 g","2,59 €  24,67 €/kg "
515,"Kuumsuitsu peekon, SAAREMAA LT, kg","11,59 €  11,59 €/kg "
516,"Lihakas doktorivorst, RAKVERE LK, 190 g","1,49 €  7,84 €/kg "
517,"Lastevorst, SAAREMAA LT, 150 g","1,19 €  7,93 €/kg "
518,"Sulajuustutäidisega lihapihvid, MAKS&MOORITS, 400 g","3,19 €  7,98 €/kg "
519,"Koduviiner, MAKS&MOORITS, 500 g","1,69 €  3,38 €/kg "
520,"Rakvere pihvid, RAKVERE LK, 400 g","2,59 €  6,48 €/kg "
521,"Sprotid õlis, RANNAKÜLA, 100 g","1,49 €  14,90 €/kg "
522,"Suitsutatud Juustuvorst, NÕO LIHAVÜRST, 170 g","1,49 €  8,76 €/kg "
523,"Soolalõhe fileelõigud viilutatud, M.V.WOOL, 100 g","3,59 €  35,90 €/kg "
524,"Krabipulgad Smart Choice, VICI, 250 g","1,39 €  5,56 €/kg "
525,"Keeduvorst juustu, VALLA, 600 g","1,49 €  2,48 €/kg "
526,"Mustika grill-ribi, RAKVERE LK, kg","7,99 €  7,99 €/kg "
527,"Broileri fileepall, KIKAS, 200 g","1,59 €  7,95 €/kg "
528,"Keele zeleevorst, OSKAR, 120 g","1,99 €  16,58 €/kg "
529,"Požarski kotlet, TALLEGG, 350 g","2,19 €  6,26 €/kg "
530,"Kirsi-rummimarinaadis grill-liha seavälisfileest, RAKVERE LK, 580 g","4,99 €  8,60 €/kg "
531,"Verikäkk, RAKVERE LK, 440 g","1,49 €  3,39 €/kg "
532,"Täissuitsuvorst Mündi, OSKAR, 210 g","3,99 €  19,00 €/kg "
533,"Sea šašlõkk, ARMEENIA GRILL, kg","8,69 €  8,69 €/kg "
534,"Juustu Super snäkk, MAKS&MOORITS, 85 g","1,79 €  21,06 €/kg "
535,"Lemmikviiner, SAAREMAA LT, 440 g","3,99 €  9,07 €/kg "
536,"Sardell 77.7%, MAKS&MOORITS, 500 g","3,29 €  6,58 €/kg "
537,"Praetud maksaribad, MAKS&MOORITS, 200 g","1,69 €  8,45 €/kg "
538,"Kanapihvid, TALLEGG, 320 g","0,99 €  3,09 €/kg "
539,"Fileeribad jogurti-tilli marinaadis, TALLEGG, 500 g","4,59 €  9,18 €/kg "
540,"Soolaforelli fileelõigud, M.V.WOOL, 100 g","3,49 €  34,90 €/kg "
541,"Pepperoni täissuitsuvorst, OSKAR, 210 g","3,99 €  19,00 €/kg "
542,"Krabimaitselised pulgad, VICI, 150 g","1,29 €  8,60 €/kg "
543,"Hommikusink veiselihast, MAKS&MOORITS, 150 g","1,79 €  11,93 €/kg "
544,"Kanasink tilliga, TALLEGG, 190 g","1,49 €  7,84 €/kg "
545,"Maitselt mahedad grillvorstid, MAKS&MOORITS, 900 g","6,49 €  7,21 €/kg "
546,"Sea seljakarbonaad, SAAREMAA LT, 120 g","1,99 €  16,58 €/kg "
547,"Fileest minutipihv suitsujuustuga, TALLEGG, 350 g","3,99 €  11,40 €/kg "
548,"Mahe lihaveise lihalõiked, LIIVIMAA LIHAVEIS, 390 g","6,59 €  16,90 €/kg "
549,"Pihvid, SAAREMAA LT, 370 g","2,79 €  7,54 €/kg "
550,"Fileeribad klassikalises marinaadis, TALLEGG, 500 g","4,59 €  9,18 €/kg "
551,"Salaami Fuetec Iberico, ELPOZO, 150 g","3,79 €  25,27 €/kg "
552,"Kanapallid, TALLEGG, 360 g","0,99 €  2,75 €/kg "
553,"Baby back searibi, RAKVERE LK, kg","7,99 €  7,99 €/kg "
554,"Väike viiner, MAKS&MOORITS, 260 g","1,59 €  6,12 €/kg "
555,"Fitness kanafilee steigid, TALLEGG, 450 g","3,99 €  8,87 €/kg "
556,"Veisestrooganov, RAKVERE LK, 450 g","5,99 €  13,31 €/kg "
557,"Nagitsad sisefileest, MAKS&MOORITS, 230 g","1,99 €  8,65 €/kg "
558,"Sprotid õlis, RANNAKÜLA, 240 g","1,99 €  8,29 €/kg "
559,"Maitsesalaami, KARNI, 120 g","1,69 €  14,08 €/kg "
560,"Kalkuniliha hakitud, RANNAMÕISA, 400 g","2,99 €  7,48 €/kg "
561,"Keeduvorst Kevadine, SAAREMAA LT, 250 g","1,59 €  6,36 €/kg "
562,"Suitsusardell, RAKVERE LK, 500 g","2,19 €  4,38 €/kg "
563,"Tõmmu suitsuvorst juustuga, WÕRO, 350 g","2,19 €  6,26 €/kg "
564,"Keeduvorst Juustuga, SAAREMAA LT, 250 g","1,99 €  7,96 €/kg "
565,"Sealiha omas mahlas, RANNAROOTSI, 240 g","1,99 €  8,29 €/kg "
566,"Viiner 77,7%, MAKS&MOORITS, 400 g","2,99 €  7,48 €/kg "
567,"Vasikalihasült, RANNAROOTSI, 330 g","2,79 €  8,45 €/kg "
568,"Toorsuitsutatud seavälisfilee, RAKVERE LK, 100 g","1,99 €  19,90 €/kg "
569,"Suitsutatud kanafilee, TALLEGG, kg","7,99 €  7,99 €/kg "
570,"Lihakas Suitsujuustuvorst, RAKVERE LK, 360 g","2,49 €  6,92 €/kg "
571,"Krabimaitselised pulgad Smart Choice, VICI, 400 g","2,09 €  5,23 €/kg "
572,"Sea välisfilee, RAKVERE LK, kg","6,99 € 6,99 €/kg "
573,"Jahutatud pardifilee nahaga, RANNAMÕISA, kg","14,99 €  14,99 €/kg "
574,"Hot-Dogi vorstikesed, MAKS&MOORITS, 300 g","2,49 €  8,30 €/kg "
575,"Sink Sikassaare, SAAREMAA LT, 150 g","2,19 €  14,60 €/kg "
576,"Pepperoni Super snäkk, MAKS&MOORITS, 85 g","1,79 €  21,06 €/kg "
577,"Maksarõngas, RAKVERE LK, 300 g","1,49 €  4,97 €/kg "
578,"Pooltiivad klassikalises marinaadis, TALLEGG, 800 g","2,99 €  3,74 €/kg "
579,"Suitsukanakuubikud, TALLEGG, 300 g","2,69 €  8,97 €/kg "
580,"Juustulõige viilutatud, RANNAROOTSI, 150 g","1,59 €  10,60 €/kg "
581,"Paneeritud hakkšnitsel, MAKS&MOORITS, 400 g","2,29 €  5,73 €/kg "
582,"Täislihaviiner, NÕO LIHAVÜRST, 310 g","2,99 €  9,65 €/kg "
583,"Verivorst, RAKVERE LK, 500 g","1,89 €  3,78 €/kg "
584,"Poolkoivad klassikalises marinaadis, TALLEGG, 800 g","3,39 €  4,24 €/kg "
585,"Pasteet Karni, KARNI, 170 g","1,29 €  7,59 €/kg "
586,"Vürtsikilu filee, BRIIS, 160 g","2,29 €  14,31 €/kg "
587,"Einepeekon, RAKVERE LK, 130 g","1,69 €  13,00 €/kg "
588,"Täissuitsuvorst Parmigano Reggiano juustuga, KARNI, 250 g","3,59 €  14,36 €/kg "
589,"Klassikalised toorvorstikesed, RANNAROOTSI, 450 g","4,49 €  9,98 €/kg "
590,"Lastevorst 77,7%, MAKS&MOORITS, 350 g","2,79 €  7,97 €/kg "
591,"Saaremaa linnulihasült, SAAREMAA LT, 300 g","2,99 €  9,97 €/kg "
592,"Eestimaine broileritiib, TALLEGG, kg","2,99 €  2,99 €/kg "
593,"Suitsutatud kana kintsuliha, TALLEGG, kg","8,99 €  8,99 €/kg "
594,"Klassikaline Super snäkk, MAKS&MOORITS, 85 g","1,59 €  18,71 €/kg "
595,"Räimed koduses marinaadis, VIRU RAND, 430 g / neto 215 g","2,59 €  12,05 €/kg "
596,"Raguu, RAKVERE, 1,3kg","1,59 €  1,22 €/kg "
597,"Suitsusardell, RANNAROOTSI, 500 g","2,59 €  5,18 €/kg "
598,"Veiseliha omas mahlas, RANNAROOTSI, 240 g","1,99 €  8,29 €/kg "
599,"Krevetid soolvees 100 g neto, VICI, 200 g","3,99 €  39,90 €/kg "
600,"Maamehesink, MAKS&MOORITS, kg","9,99 €  9,99 €/kg "
601,"Grill-liha Armeenia, MAKS&MOORITS, 500 g","4,59 €  9,18 €/kg "
602,"Veisesink Fitlap, NÕO LIHAVÜRST, 105 g","1,99 €  18,95 €/kg "
603,"Võileivavorst, VALLA, 240 g","0,59 €  2,46 €/kg "
604,"Krakovi poolsuitsuvorst EHE, RANNAROOTSI, 270 g","2,49 €  9,22 €/kg "
605,"Kanapooltiivad Mustika, RANNAMÕISA, 500 g","2,99 €  5,98 €/kg "
606,"Sinkvorst XL (viilutatud), MAKS&MOORITS, 300 g","2,29 €  7,63 €/kg "
607,"Õllemops juustuga, WÕRO, 500 g","2,59 €  5,18 €/kg "
608,"Suitsusingike, RAKVERE LK, 350 g","3,69 €  10,54 €/kg "
609,"Räimed tomatimarinaadis, VIRU RAND, 430 g","2,59 €  6,02 €/kg "
610,"Kanasigar juustuga, TALLEGG, 200 g","2,59 €  12,95 €/kg "
611,"Õrnas soolas tilliga vikerforellifilee, viilutatud, HEIMON, 90 g","2,99 €  33,22 €/kg "
612,"Põdra snäkk, KARNI, 120 g","2,99 €  24,92 €/kg "
613,"Väike kotlet, KIKAS, 290 g","1,29 €  4,45 €/kg "
614,"Suitsuvorst 77,7%, MAKS&MOORITS, 300 g","2,59 €  8,63 €/kg "
615,"Poolsuitsuvorst Krakovi, NÕO LIHAVÜRST, 270 g","2,59 €  9,59 €/kg "
616,"Forellimari, RANNAKÜLA, 200 g","21,90 €  109,50 €/kg "
617,"Veise pipraliha, KARNI, 120 g","2,49 €  20,75 €/kg "
618,"Traditional salami, RAKVERE LK, 250 g","3,99 €  15,96 €/kg "
619,"Kanamaks, RANNAMÕISA, 450 g","1,29 €  2,87 €/kg "
620,"Praetud räimed tomatikastmes, RANNAKÜLA, 240 g","1,79 €  7,46 €/kg "
621,"Täissuitsuvorst Vene, NÕO LIHAVÜRST, 250 g","3,59 €  14,36 €/kg "
622,"Tex-mex kanatiivad suitsutatud, RANNAMÕISA, 300 g","2,29 €  7,63 €/kg "
623,"Kanafilee hakksnitsel, TALLEGG, 340 g","2,79 €  8,21 €/kg "
624,"Maasuitsu kaelakarbonaad viilutatud, RANNAROOTSI, 150 g","1,99 €  13,27 €/kg "
625,"Kanaviiner, MAKS&MOORITS, 500 g","1,89 €  3,78 €/kg "
626,"Suitsutatud Doktorivorst, MAKS&MOORITS, 550 g","3,49 €  6,35 €/kg "
627,"Lõunasink, OSKAR, 300 g","2,19 €  7,30 €/kg "
628,"Täissuitsu põdravorst, LINNAMÄE LIHATÖÖSTUS, 230 g","4,39 €  19,09 €/kg "
629,"Hautatud veiselihaga konserv, FRANK POTT, 240 g","1,29 €  5,38 €/kg "
630,"Tuunikala tükid tomatikastmes, KAPTEN GRANT, 185 g","1,99 €  10,76 €/kg "
631,"Italian salami, RAKVERE LK, 150 g","2,99 €  19,93 €/kg "
632,"Lihapallid, SAAREMAA LT, 345 g","2,59 €  7,51 €/kg "
633,"Vürtsine sealiha, RANNAROOTSI, 240 g","2,29 €  9,54 €/kg "
634,"Tuunikalatükid vees, CALVO, 142 g","2,49 €  17,54 €/kg "
635,"Lihapihvid kukeseene-ürdisulajuustu täidis., MAKS&MOORITS, 400 g","3,29 €  8,23 €/kg "
636,"Poolsuitsuvorst Viljandi, OSKAR, 120 g","1,39 €  11,58 €/kg "
637,"Kalkunikintsuliha, RANNAMÕISA, kg","8,59 €  8,59 €/kg "
638,"Poolsuitsuvorst Mini, NÕO LIHAVÜRST, 135 g","1,99 €  14,74 €/kg "
639,"Atlandi heeringafilee tükid sibulaga õlis, VICI, 200 g","1,89 €  9,45 €/kg "
640,"Poolkoivad jogurti-tillimarinaadis, TALLEGG, 800 g","3,39 €  4,24 €/kg "
641,"Kaelakarbonaad, NÕO LIHAVÜRST, 135 g","1,99 €  14,74 €/kg "
642,"Tuunikalatükid õlis Jalapeño pipraga, CALVO, 142 g","2,49 €  17,54 €/kg "
643,"Veisevürtsisink, OSKAR, 100 g","1,99 €  19,90 €/kg "
644,"Jäägri grillvorstid, NÕO LIHAVÜRST, 365 g","3,99 €  10,93 €/kg "
645,"Heeringafilee vähesoolane, KAPTEN GRANT, 400 g","2,89 €  7,23 €/kg "
646,"Seapraad kondi- ja kamaraga, MAKS&MOORITS, kg","5,99 €  5,99 €/kg "
647,"Lihakas Krakov, RAKVERE LK, 300 g","2,99 €  9,97 €/kg "
648,"Hernesupikogu, RAKVERE LK, 800 g","2,19 €  2,74 €/kg "
649,"Soolapeekon, NÕO LIHAVÜRST, kg","7,99 €  7,99 €/kg "
650,"Veiseböfstrooganov, KARNI, 400 g","4,39 €  10,98 €/kg "
651,"Suitsutatud juustuvorst, MAKS&MOORITS, 550 g","3,49 €  6,35 €/kg "
652,"Suitsutatud seaseljafilee, NÕO LIHAVÜRST, 105 g","1,99 €  18,95 €/kg "
653,"Sprotid õlis, RANNAKÜLA, 290 g","3,29 €  11,34 €/kg "
654,"Tuunikalatükid päevalilleõlis, CALVO, 142 g","2,49 €  17,54 €/kg "
655,"BBQ-marinaadis seasisefilee, RAKVERE LK, 700 g","6,99 €  9,99 €/kg "
656,"Suitsuvorst juustuga 77,7%, MAKS&MOORITS, 300 g","2,79 €  9,30 €/kg "
657,"Forte juustuga täissuitsuvorst, MAKS&MOORITS, 240 g","3,29 €  13,71 €/kg "
658,"Maksapasteet Oskari, OSKAR, 200 g","1,39 €  6,95 €/kg "
659,"Priske sealihasardell, MAKS&MOORITS, 500 g","2,79 €  5,58 €/kg "
660,"Sea välisfilee kamaraga, RAKVERE LK, kg","1,99 €  3,11 €/kg "
661,"Skumbria õliga, RANNAKÜLA, 240 g","2,19 €  9,13 €/kg "
662,"Atlandi heeringafilee tükid tilliga õlis, VICI, 200 g","1,89 €  9,45 €/kg "
663,"Täissuitsuvorst Saaremaa, SAAREMAA LT, 220 g","3,99 €  18,14 €/kg "
664,"Vürtsisealiha, FRANK POTT, 325 g","1,69 €  5,20 €/kg "
665,"Singivõie, KARNI, 190 g","1,39 €  7,32 €/kg "
666,"Ahjukael röstsibulaga, RAKVERE LK, 620 g","6,99 €  11,27 €/kg "
667,"Sprotid õlis, RANNAKÜLA, 160 g","1,49 €  9,31 €/kg "
668,"Peen saare siga, SAAREMAA LT, kg","9,49 €  9,49 €/kg "
669,"Heeringafilee rasvane, VICI, 240 g","1,99 €  8,29 €/kg "
670,"Kuumsuitsu skumbriafilee nahaga, VICI, 175 g","2,79 €  15,94 €/kg "
671,"Antrekoodi viil Eesti rohumaaveis, KARNI, 200 g","4,59 €  22,95 €/kg "
672,"Viru poolsuitsuvorst, MAKS&MOORITS, 300 g","2,49 €  8,30 €/kg "
673,"Kana snäkk, TALLEGG, 80 g","2,59 €  32,38 €/kg "
674,"Heeringafilee ürdikastmes, marineeritud, VICI, 250 g","1,89 €  7,56 €/kg "
675,"Õhuline Viru sink, RAKVERE LK, 150 g","1,19 €  7,93 €/kg "
676,"Suitsusardell juustuga, RANNAROOTSI, 500 g","2,79 €  5,58 €/kg "
677,"Heeringafilee suitsumaitseline, KAPTEN GRANT, 240 g","1,89 €  7,88 €/kg "
678,"Tuunikala tomatis, ELDORADO, 185 g","3,39 €  18,32 €/kg "
679,"Pooltiivad jogurti-tillimarinaadis, TALLEGG, 800 g","3,59 €  4,49 €/kg "
680,"Jahutatud õrnsoolatud broilerifilee, TALLEGG, kg","6,59 €  6,59 €/kg "
681,"Heeringafilee vähesoolane, KAPTEN GRANT, 240 g","1,89 €  7,88 €/kg "
682,"Heeringafilee rollmops kurgiga, KAPTEN GRANT, 250 g","2,59 €  10,36 €/kg "
683,"Täissuitsu Hirvevorst lepasuitsujuustuga, LINNAMÄE LIHATÖÖSTUS, 230 g","3,59 €  15,61 €/kg "
684,"Hamburgeri pihvid veiselihast, SAAREMAA LT, 380 g","3,99 €  10,50 €/kg "
685,"Kilufilee nahata vürtsikastmes (ansoovis) (preserv), KIPPER, 65 g neto","2,79 €  42,92 €/kg "
686,"Kuumsuitsu hõbeheik, Kõrveküla Kalatööstus, kg","7,99 €  7,99 €/kg "
687,"Rakvere turistieine, FRANK POTT, 325 g","1,69 €  5,20 €/kg "
688,"Serrano sink, RAKVERE LK, 105 g","2,99 €  28,48 €/kg "
689,"Krevetid Maxi soolvees 100 g neto, VICI, 200 g","4,29 €  42,90 €/kg "
690,"Lõhe liblikfilee jahutatud, kg","15,99 €  15,99 €/kg "
691,"Tuunikala filee tomatikastmes, CALVO, 160 g","2,99 €  18,69 €/kg "
692,"Ribisnäkk, RAKVERE LK, 300 g","2,29 €  7,63 €/kg "
693,"Küüslaugu pekk, OSKAR, 120 g","1,69 €  14,08 €/kg "
694,"Poolsuitsuvorst Täpi, NÕO LIHAVÜRST, 135 g","1,99 €  14,74 €/kg "
695,"Seemnekattega toorsuitsuvorst, RAKVERE LK, 110 g","1,69 €  15,36 €/kg "
696,"Talurulaad, RAKVERE LK, 350 g","2,19 €  6,26 €/kg "
697,"Heeringafilee marineeritud, VICI, 240 g","1,99 €  8,29 €/kg "
698,"Prosciutto Di Parma, NEGRONI, 80 g","4,29 €  53,63 €/kg "
699,"Fuet salaami Nobleza, ELPOZO, 200 g","2,99 €  14,95 €/kg "
700,"Sprotid tomatikastmes, RANNAKÜLA, 100 g","1,49 €  14,90 €/kg "
701,"Kananagitsad Just eat it!, RAKVERE LK, 190 g","2,99 €  15,74 €/kg "
702,"Sealihasnäkk, SELVER, 85 g","1,29 €  15,18 €/kg "
703,"Heeringad sibula marinaadis, ABBA, 240 g","2,29 €  9,54 €/kg "
704,"Lastevorst XL, MAKS&MOORITS, 300 g","1,99 €  6,63 €/kg "
705,"Külmsuitsu lõhefilee, M.V.WOOL, 100 g","3,59 €  35,90 €/kg "
706,"Lihakas doktorivorst, RAKVERE LK, 360 g","2,59 €  7,19 €/kg "
707,"Täissuitsu metsseavorst, LINNAMÄE LIHATÖÖSTUS, 230 g","3,99 €  17,35 €/kg "
708,"Kanafileetasku juustu ja singiga, TALLEGG, 430 g","5,99 €  13,93 €/kg "
709,"Mini õllesigarid, RAKVERE LK, 300 g","3,99 €  13,30 €/kg "
710,"Saiakate, 300g, RAKVERE","0,65 €  2,17 €/kg "
711,"Heeringafilee marineeritud vürtsikas kastmes, VICI, 250 g","1,79 €  7,16 €/kg "
712,"Šveitsi šnitsel, RANNAROOTSI, 400 g","3,99 €  9,98 €/kg "
713,"Mõisa poolsuitsuvorst, RAKVERE LK, 350 g","2,39 €  6,83 €/kg "
714,"Kalkuni lihasült, NÕO LIHAVÜRST, 300 g","2,29 €  7,63 €/kg "
715,"Rukkileivakattega ahjukael, RAKVERE LK, 620 g","6,99 €  11,27 €/kg "
716,"Krabimaitselised surimi pulgad, KRISKAL, 150 g","1,09 €  7,27 €/kg "
717,"Praetud kilud tomatikastmes, RANNAKÜLA, 240 g","1,39 €  5,79 €/kg "
718,"Tallinna kilud, KALURI, 250 g","1,99 €  7,96 €/kg "
719,"Lõhepasteet, ABBA, 145 g","1,99 €  13,72 €/kg "
720,"Poolsuitsuvorst, VALLA, 240 g","0,79 €  3,29 €/kg "
721,"Latikafilee tomatimarinaadis, PEIPSI KALATÖÖSTUS, 330 g","2,29 €  6,94 €/kg "
722,"Praetud heeringafilee tomatimarinaadis, VIRU RAND, 430 g","3,29 €  7,65 €/kg "
723,"Karbonaad, KARNI, 120 g","1,49 €  12,42 €/kg "
724,"Hautatud sealiha, FRANK POTT, 240 g","1,29 €  5,38 €/kg "
725,"Vinnutatud veiseliha, BEEF JERKY, 50 g","2,99 €  59,80 €/kg "
726,"Einesink, MAKS&MOORITS, 150 g","1,69 €  11,27 €/kg "
727,"Veisesink viilutatud, RANNAROOTSI, 120 g","2,19 €  18,25 €/kg "
728,"Maasuitsu fileesink, MAKS&MOORITS, kg","10,59 €  10,59 €/kg "
729,"Kalkunifilee, RANNAMÕISA, kg","12,99 €  12,99 €/kg "
730,"Täissuitsuvorst E-vaba, OSKAR, 270 g","3,99 €  14,78 €/kg "
731,"Salaami Milano, NEGRONI, 100 g","3,29 €  32,90 €/kg "
732,"Külmsuitsu forellifilee, M.V.WOOL, 100 g","3,49 €  34,90 €/kg "
733,"Õllepärlid, SAAREMAA LT, 210 g","1,79 €  8,52 €/kg "
734,"Külmsuitsu lõhefilee tükk, VICI, 160 g","5,59 €  34,94 €/kg "
735,"Seamaks, Rakvere LK, 600g","1,59 €  2,65 €/kg "
736,"Peekon, RAKVERE LK, kg","7,49 €  7,49 €/kg "
737,"Veiselihapihvid, RANNAROOTSI, 290 g","2,79 €  9,62 €/kg "
738,"Kanaliha omas mahlas, RANNAROOTSI, 240 g","2,29 €  9,54 €/kg "
739,"Tallinna kilud, KRAPESK, 250 g","1,99 €  7,96 €/kg "
740,"Kodune Maasuitsusink, RANNAROOTSI, kg","10,49 €  10,49 €/kg "
741,"Maksapasteet, RANNAROOTSI, 240 g","1,39 €  5,79 €/kg "
742,"Sink Coppa, NEGRONI, 100 g","3,99 €  39,90 €/kg "
743,"Saaremaa vürtsikilud, KALURI, 250 g","1,59 €  6,36 €/kg "
744,"Heeringafilee suitsumaitseline, VICI, 240 g","1,99 €  8,29 €/kg "
745,"Suitsutatud broileri pooltiib, TALLEGG, 600 g","2,79 €  4,65 €/kg "
746,"Toorvorstikesed Pühajärve, MAKS&MOORITS, 450 g","3,39 €  7,53 €/kg "
747,"Vinnutatud veiseliha Teriyaki, BEEF JERKY, 50 g","2,99 €  59,80 €/kg "
748,"Kooreklops, MAKS&MOORITS, 600 g","5,59 €  9,32 €/kg "
749,"Suitsuvorst Krakovi 77,7%, MAKS&MOORITS, 300 g","2,59 €  8,63 €/kg "
750,"Prosciutto Cotto, NEGRONI, 110 g","7,99 € 7,99 €/kg "
751,"Täissuitsuvorst värske eesti küüslauguga, MATSIMOKA, 230 g","3,89 €  35,36 €/kg "
752,"Külmsuitsu lõhefilee viilutatud, VICI, 100 g","3,99 €  17,35 €/kg "
753,"Saunasink, SAAREMAA LT, kg","3,59 €  35,90 €/kg "
754,"Veiseklops vasardatud, RAKVERE LK, 400 g","10,99 €  10,99 €/kg "
755,"Kuumsuitsu meriahven, M.V.WOOL, kg","7,99 €  19,98 €/kg "
756,"Külmsuitsu lõheviilud, AVEKTRA, 100 g","7,99 € 7,99 €/kg "
757,"Moskva täissuitsuvorst, OSKAR, 210 g","9,99 € 9,99 €/kg "
758,"Selveri äkiline, kg","3,49 €  34,90 €/kg "
759,"Keedusalaami, RAKVERE LK, 350 g","3,99 €  19,00 €/kg "
760,"Õrnas soolas tilliga siiafilee, viilutatud, HEIMON, 90 g","17,99 €  17,99 €/kg "
761,"Siga head kanapoolkoivad, LINNAMÄE LIHATÖÖSTUS, 600 g","3,99 €  11,40 €/kg "
762,"Kalkunipasteet, PROFI, 131 g","3,99 €  44,33 €/kg "
763,"Röövliribi, RANNAROOTSI, 330 g","3,99 €  6,65 €/kg "
764,"Sprotid õlis EO, KAPTEN GRANT, 240 g","0,85 €  6,49 €/kg "
765,"Veise abaliha kondita, RAKVERE LK, kg","2,19 €  6,64 €/kg "
766,"Tuunikala oliivõlis, RIO MARE, 160 g","1,79 €  7,46 €/kg "
767,"Minutipihv Eesti rohumaaveis, KARNI, 200 g","10,99 €  10,99 €/kg "
768,"Heeringafileetükid koorekastmes sibulaga, KAPTEN GRANT, 150 g","4,29 €  26,81 €/kg "
769,"Vinnutatud veiseliha Classic, BEEF JERKY, 50 g","4,79 €  23,95 €/kg "
770,"Romsteegi viil Eesti rohumaaveis, KARNI, 200 g","1,29 €  8,60 €/kg "
771,"Sink Prosciutto Crudo, NEGRONI, 100 g","2,99 €  59,80 €/kg "
772,"Põdramaksa pasteet, LINNAMÄE LIHATÖÖSTUS, 200 g","4,59 €  22,95 €/kg "
773,"Puhastatud praetud kilu, BRIIS, 170 g","4,59 €  45,90 €/kg "
774,"Täissuitsu Põdravorst suitsujuustuga, LINNAMÄE LIHATÖÖSTUS, 230 g","1,59 €  7,95 €/kg "
775,"Meremari punane, KRISKAL, 113 g","1,49 €  8,76 €/kg "
776,"Täissuitsuvorst, MATSIMOKA, 230 g","4,29 €  18,65 €/kg "
777,"Heeringafileetükid juurviljadega marinaadis, VIRU RAND, 400 g","1,49 €  13,19 €/kg "
778,"Atlandi heeringafilee, VICI, 200 g","4,99 €  21,70 €/kg "
779,"Vürtsikilufilee, KAPTEN GRANT, 130 g","3,19 €  7,98 €/kg "
780,"Põdraliha konserv, LINNAMÄE LIHATÖÖSTUS, 240 g","1,99 €  9,95 €/kg "
781,"Kalles Kaviar, ABBA, 190 g","2,19 €  16,85 €/kg "
782,"Õllesnäkk, WÕRO, 300 g","3,59 €  14,96 €/kg "
783,"American BBQ grill-ribi, RAKVERE LK, 900 g","2,59 €  13,63 €/kg "
784,"Tursamaks, KAPTEN GRANT, 230 g","2,49 €  8,30 €/kg "
785,"Latikafilee kodumarinaadis, PEIPSI KALATÖÖSTUS, 330 g","9,99 €  11,10 €/kg "
786,"Vürtsikad broilerifileeribad kuivatatud, TALLEGG, 80 g","3,19 €  13,87 €/kg "
787,"Tuunikala pasteet, ABBA, 145 g","2,29 €  6,94 €/kg "
788,"Kuivatatud veiseliha, RAKVERE LK, 50 g","2,79 €  34,88 €/kg "
789,"Suitsutatud seavälisfilee, RAKVERE LK, kg","1,99 €  13,72 €/kg "
790,"Vürtsikilu fileed õlis, BRIIS, 160 g","2,49 €  49,80 €/kg "
791,"Võileivavorst, WÕRO, 800 g","8,99 €  8,99 €/kg "
792,"Islandi tursamaks, KAPTEN GRANT, 120 g","2,39 €  14,94 €/kg "
793,"Kuivatatud sealiha tšilliga, RAKVERE LK, 50 g","1,99 €  2,49 €/kg "
794,"Turistieine, RANNAROOTSI, 240 g","1,99 €  16,58 €/kg "
795,"Delikatess-vürtsikilufilee Skandinaavia moodi, BRIIS, 160 g","1,69 €  33,80 €/kg "
796,"Kuumsuitsu seakaelaliha, SAAREMAA LT, kg","1,99 €  8,29 €/kg "
797,"Linnulihapasteet tilliga, PROFI, 131 g","2,39 €  14,94 €/kg "
798,"Lihaleib viilutatud, MAKS&MOORITS, 250 g","10,99 €  10,99 €/kg "
799,"Kodune soolapeekon, RAKVERE LK, kg","0,85 €  6,49 €/kg "
800,"Kuumsuitsu hõbeheik vaakumpakendis, kg","1,89 €  7,56 €/kg "
801,"Meremari must, KRISKAL, 113 g","9,99 €  9,99 €/kg "
802,Seasüda,"6,99 €  6,99 €/kg "
803,"Kuumsuitsu angerjas marinaadis, VÄNDRA KALATOOTED, 250 g","1,49 €  13,19 €/kg "
804,"Kanafilee kotlet, SELVERI KÖÖK, 270 g","8,99 €  35,96 €/kg "
805,"Firmapasteet, PROFI, 131 g","6,99 €  6,99 €/kg "
806,"Põdralihaga pasteet, LINNAMÄE LIHATÖÖSTUS, 240 g","3,59 €  13,30 €/kg "
807,"Jahutatud pardikoib, RANNAMÕISA, kg","0,85 €  6,49 €/kg "
808,"Keedusalaami viilutatud, RANNAROOTSI, 150 g","1,99 €  8,29 €/kg "
809,"Kana kintsuliha omas mahlas, LINNAMÄE LIHATÖÖSTUS, 240 g","10,99 €  10,99 €/kg "
810,"Rullsink, RANNAROOTSI, kg","1,69 €  11,27 €/kg "
811,"Suitsupeekon, KARNI, 300 g","2,29 €  9,54 €/kg "
812,"Veisepraad kondita, KARNI, kg","9,59 €  9,59 €/kg "
813,"Lihaveise Ribeye steik (laagerdatud), RAKVERE LK, 400 g","3,99 €  13,30 €/kg "
814,"Tallinna kilu, KIHNU KALA, 250 g","11,99 €  11,99 €/kg "
815,"Kuivatatud särg, SAARE HÕBE, 250 g","11,99 €  29,98 €/kg "
816,"Suitsutatud seakoot, OSKAR, kg","2,99 €  11,96 €/kg "
817,"Tagasink ekstra suitsu, OSKAR, kg","2,99 €  11,96 €/kg "
818,"Suitsukala-majoneesisalat, kg","4,99 €  4,99 €/kg "
819,"Kabanossi snäkk, RAKVERE LK, 120 g","11,99 €  11,99 €/kg "
820,"Eelküpsetatud suur praetükk, MAKS&MOORITS, kg","8,99 €  8,99 €/kg "
821,"Kohafilee nahata, jahutatud, kg","1,99 €  16,58 €/kg "
822,"Marineeritud angerjas, VÄNDRA KALATOOTED, 250 g","7,99 €  7,99 €/kg "
823,"Külmsuitsu forellifilee viil, , kg","19,99 €  19,99 €/kg "
824,"Õrnsoola lõhefilee viilud, FISH TAVERN, 100 g","8,99 €  35,96 €/kg "
825,"Forellimari sulatatud, kg","19,99 € 19,99 €/kg "
826,"Heeringafilee nahaga soolvees, VICI, 240 g","29,90 € 29,90 €/kg "
827,"Kuumsuitsu lõheribid, M.V.WOOL, kg","3,49 €  34,90 €/kg "
828,"Speck Delle Alpi, NEGRONI, 90 g","59,90 €  59,90 €/kg "
829,"Tursamaks, STEINHAUER, 190 g","1,69 €  7,04 €/kg "
830,"Hirveliha konserv, LINNAMÄE LIHATÖÖSTUS, 240 g","3,69 €  3,69 €/kg "
831,"Suitsu-keedu kanakoib, KARNI, kg","5,19 €  5,19 €/kg "
832,"Kanamaksapasteet, FRANK POTT, 240 g","1,29 €  5,38 €/kg "
833,"Sardiinid tomatikastmes, RANNAKÜLA, 100 g","1,49 €  14,90 €/kg "
834,"Lõhe liblikfilee karulaugumarinaadis, SELVER, kg","19,99 €  19,99 €/kg "
835,"Suitsupõsk, NÕO LIHAVÜRST, kg","6,59 €  6,59 €/kg "
836,"Ungari pekk, OSKAR, kg","6,99 €  6,99 €/kg "
837,"Heeringafilee mahedas marinaadis Küla moodi, KALAMEISTER, 500 g","3,59 €  7,18 €/kg "
838,"Sea seljafilee, KARNI, kg","10,99 €  10,99 €/kg "
839,"Hot´n wild snäkk, NÕO LIHAVÜRST, 85 g","1,69 €  19,88 €/kg "
840,"Praetud räimed tomatikastmes, KALURI, 430 g","2,29 €  5,33 €/kg "
841,"Heeringafileetükid klassikaline, KAPTEN GRANT, 210 g","2,19 €  10,43 €/kg "
842,"Sealiha omas mahlas, LINNAMÄE LIHATÖÖSTUS, 240 g","2,29 €  9,54 €/kg "
843,"Marineeritud angersäga, M.V.WOOL, 250 g","5,99 €  23,96 €/kg "
844,"Suitsune kana snäkk, TALLEGG, 80 g","2,29 €  28,63 €/kg "
845,"Kodune sült, KARNI, 900 g","4,49 €  4,99 €/kg "
846,"Kanafileepalad merevaiguga, RANNAMÕISA, 500 g","4,99 €  9,98 €/kg "
847,"Vikerforellifilee külmsuitsu, leegitatud, viilutatud, HEIMON, 90 g","2,99 €  33,22 €/kg "
848,"Seakeeled, 720g","6,99 €  9,71 €/kg "
849,"Maksikrevetid surimist soolvees, 320g, VICI","2,79 €  8,72 €/kg "
850,"Tšillisalaami, NÕO LIHAVÜRST, 125 g","2,59 €  20,72 €/kg "
851,"BBQ täissuitsuvorst, NÕO LIHAVÜRST, 250 g","3,79 €  15,16 €/kg "
852,"Kalkuniliha omas mahlas, RANNAROOTSI, 240 g","2,29 €  9,54 €/kg "
853,"Sprotid õlis, AMBERFISH, 250 g","2,59 €  10,36 €/kg "
854,"Pooltiib Balsamico marinaadis, SELVER, kg","3,59 € 3,59 €/kg "
855,"Suitsutatud broilerikints, TALLEGG, kg","4,49 € 4,49 €/kg "
856,"Toorsuitsuvorst Rakvere, RAKVERE LK, 280 g","4,59 €  4,59 €/kg "
857,"Caviare must kaaviar, KRISKAL, 100 g","2,79 €  9,96 €/kg "
858,"Tuunikala tilliga, ELDORADO, 185 g","1,69 €  16,90 €/kg "
859,"Sardiinid õlis, RANNAKÜLA, 100 g","3,39 €  18,32 €/kg "
860,"Kana krõpsud, RAKVERE LK, 45 g","1,49 €  14,90 €/kg "
861,"Täissuitsuvorst Moskva, WÕRO, 350 g","1,89 €  42,00 €/kg "
862,"Tuunikalatükid vees, ELDORADO, 185 g","2,99 €  8,54 €/kg "
863,"Black Angus konserv, LINNAMÄE, 240 g","2,99 €  16,16 €/kg "
864,"Minikoot, NÕO LIHAVÜRST, kg","3,59 €  14,96 €/kg "
865,"Skumbria tomatikastmes, KAPTEN GRANT, 240 g","6,99 €  6,99 €/kg "
866,"Rannakarbid soolvees 100 g neto, VICI, 200 g","1,89 €  7,88 €/kg "
867,"Prosciutto crudo musta pipraga, SAN MICHELE, 90 g","1,69 €  16,90 €/kg "
868,"Mereandide kokteil marineeritud, VICI, 500 g","3,99 €  44,33 €/kg "
869,"Siga & Seened ahjupraad, MAKS&MOORITS, kg","5,59 €  11,18 €/kg "
870,"Marineeritud skumbria, M.V.WOOL, 250 g","7,99 €  7,99 €/kg "
871,"Lõhekrõpsud, LEEDEVÄLJA, 40 g","2,59 €  10,36 €/kg "
872,"Balti vürtsikilud, BRIIS, 400 g","1,19 €  29,75 €/kg "
873,"Suitsutatud seakõrvad, MAKS&MOORITS, 100 g","1,49 €  3,73 €/kg "
874,"Linnulihapasteet šampinjonidega, PROFI, 131 g","1,79 €  17,90 €/kg "
875,"Fuet Extra, EMBUTIDOS CAULA, 160 g","0,85 €  6,49 €/kg "
876,"Täissuitsuvorst Black Angus, 230g, LINNAMÄE LIHATÖÖSTUS","2,49 €  15,56 €/kg "
877,"Metssea konserv, LINNAMÄE LIHATÖÖSTUS, 240 g","2,99 €  13,00 €/kg "
878,"Kodused kalakotletid tilliga, HEIMON, 300 g","3,19 €  13,29 €/kg "
879,"Heeringasalat murulauguga, VIRU RAND, 360 g","3,19 €  10,63 €/kg "
880,"Premium vürtsikilu, KRAPESK, 180 g","3,49 €  9,69 €/kg "
881,"Sea välisfilee karulaugumarinaadis, SELVER, kg","1,39 €  7,72 €/kg "
882,"Seakõrva ribad, RAKVERE LK, 300 g","8,59 €  8,59 €/kg "
883,"Lõhe lõik soolatud, KAPTEN GRANT, 170 g","4,29 €  14,30 €/kg "
884,"Broileritiivad mango-chilli marinaadis, SELVER, kg","5,49 €  32,29 €/kg "
885,"Krevetid Maxi soolvees 200 g neto, VICI, 400 g","3,99 €  3,99 €/kg "
886,"Wakame salat ( sulatatud), SELVER, kg","7,99 €  39,95 €/kg "
887,"Heeringafilee sinepikastmes, M.V.WOOL, kg","9,99 €  9,99 €/kg "
888,"Heeringafileetükid marinaadis Maie 130 g neto, SAARE HÕBE, 300 g","6,49 €  6,49 €/kg "
889,"Heeringafileetükid teravas tomatikastmes, SAARE HÕBE, 300 g","2,49 €  19,15 €/kg "
890,"Õrnsoola heeringafilee tilliga, KALURI, 200 g","2,99 €  9,97 €/kg "
891,"Külmsuitsu heeringafilee, Kõrveküla Kalatööstus, kg","1,79 €  8,95 €/kg "
892,"Õllekrõps lõhe nahast, M.V.WOOL, 50 g","7,99 €  7,99 €/kg "
893,"Liharullid juustuga, NÕO LIHAVÜRST, 530 g","0,99 €  19,80 €/kg "
894,"Heeringafilee külmsuitsu roosakas, VICI, 240 g","5,99 €  11,30 €/kg "
895,"Sült põdralihaga, LINNAMÄE LIHATÖÖSTUS, 330 g","1,99 €  8,29 €/kg "
896,"Kiievi kotlet, SELVERI KÖÖK, 280 g","2,59 €  7,85 €/kg "
897,"Kilufilee õlis ja vürtsidega, KAPTEN GRANT, 150 g","3,99 €  14,25 €/kg "
898,"Jahutatud krabipulgad, KRISKAL, 300 g","2,59 €  17,27 €/kg "
899,"Maasuitsu külg, RANNAROOTSI, kg","1,89 €  6,30 €/kg "
900,"Marineeritud tursk 250 g, M.V.WOOL, 165 g neto","12,99 €  12,99 €/kg "
901,"Räimesült, VIRU RAND, 270 g","2,99 €  11,96 €/kg "
902,"Seakael talvises marinaadis (Põrsas kotis), RANNAROOTSI, kg","2,19 €  8,11 €/kg "
903,"Soolaheeringa filee, Kõrveküla Kalatööstus, kg","8,59 €  8,59 €/kg "
904,"Sealihasnäkid, RAKVERE LK, 75 g","4,99 €  4,99 €/kg "
905,"Peipsi rääbis tomatimarinaadis, PEIPSI KALATÖÖSTUS, 300 g","1,89 €  25,20 €/kg "
906,"Küülik, RANNAMÕISA, kg","2,99 €  9,97 €/kg "
907,"Stauriid soolatud, MSDM, 36 g","10,99 €  10,99 €/kg "
908,"Vähesoolane forellimari kõrgkvaliteetne, KALAMEISTER, 100 g","1,59 €  44,17 €/kg "
909,"Rabajõhvika veisepõsk, RANNAROOTSI, 500 g","7,99 €  79,90 €/kg "
910,"Räimerullid küüslaugumarinaadis, VIRU RAND, 400 g","4,99 €  9,98 €/kg "
911,"Pardiliha omas mahlas, LINNAMÄE LIHATÖÖSTUS, 240 g","3,59 €  17,95 €/kg "
912,"Külmsuitsu skumbria vaakumpakendis, M.V.WOOL, kg","2,99 €  12,46 €/kg "
913,"Merekapsasalat, KAPTEN GRANT, 500 g","7,99 €  7,99 €/kg "
914,"Kohafilee koduses marinaadis, PEIPSI KALATÖÖSTUS, 330 g","1,69 €  3,38 €/kg "
915,"Ribi kondita, MAKS&MOORITS, kg","3,59 €  10,88 €/kg "
916,"Tursk vähesoolane, MSDM, 36 g","8,99 €  8,99 €/kg "
917,"Räimerullid rosèpipra-küüslaugu marinaadis, LEEDEVÄLJA, 300 g","1,59 €  44,17 €/kg "
918,"Lihaveise Picanha steik (laagerdatud ), RAKVERE LK, 400 g","3,69 €  12,30 €/kg "
919,"Viilutatud Fuet, LA SELVA, 60 g","9,99 €  24,98 €/kg "
920,"Seemnekattega toorsuitsuvorst, RAKVERE LK, 300 g","1,99 €  33,17 €/kg "
921,"Rannakarbid marineeritud, VILSUNDBLUE, 350 g","3,79 €  12,63 €/kg "
922,"Peipsi rääbis koduses marinaadis, PEIPSI KALATÖÖSTUS, 300 g","3,49 €  9,97 €/kg "
923,"Atlandi heeringafilee punase sibulaga, VICI, 200 g","2,99 €  9,97 €/kg "
924,"Heeringafileetükid sinepi-majoneesi kastmes, SAARE HÕBE, 300 g","1,99 €  9,95 €/kg "
925,"Kalmaar pikantne, MSDM, 36 g","2,99 €  9,97 €/kg "
926,"Maksikrevetid (surimi) tšillimaitselises õlis, VICI, 320 g","1,59 €  44,17 €/kg "
927,"Kuld-merikoger, Dorada roogitud, jahutatud, , kg","13,99 €  13,99 €/kg "
928,"Kalkuniliha omas mahlas, LINNAMÄE LIHATÖÖSTUS, 240 g","2,99 €  12,46 €/kg "
929,"Suitsutatud kanakoib, TALLEGG, kg","4,99 €  4,99 €/kg "
930,"Purustatud tuunikala soolvees, VILKO, 185 g","1,69 €  6,76 €/kg "
931,"Põdraliha äkis, LINNAMÄE LIHATÖÖSTUS, 170 g","4,99 €  29,35 €/kg "
932,"Tiigerkrevetid marinaadis 100 g neto, MARWI, 185 g","4,59 €  45,90 €/kg "
933,"Lihaveise välisfilee steik, RAKVERE LK, 360 g","9,99 €  27,75 €/kg "
934,"Praetud heeringarullid tarrendis, KAPTEN GRANT, 480 g","2,89 €  6,02 €/kg "
935,"Ahvenafilee tomatimarinaadis, PEIPSI KALATÖÖSTUS, 330 g","2,79 €  8,45 €/kg "
936,"Prosciutto crudo maitsestatud rosmariiniga, SAN MICHELE, 90 g","3,99 €  44,33 €/kg "
937,"Vinnutatud särg, KALURI, 200 g","2,19 €  10,95 €/kg "
938,"Kanasteigid juustuga, NÕO LIHAVÜRST, 380 g","3,79 €  9,97 €/kg "
939,"Masinkooritud krevetid marinaadis, MARWI, neto 150 g","4,99 €  33,27 €/kg "
940,"Pardimaksa patee, LINNAMÄE LIHATÖÖSTUS, 160 g","3,59 €  22,44 €/kg "
941,"Klassikaline veiseburger, RAKVERE LK, 220 g","2,29 €  10,41 €/kg "
942,"Külmsuitsu skumbria peata, ESVA, kg","7,99 €  7,99 €/kg "
943,"Seakael punaseveini marinaadis, SELVER, kg","7,99 €  7,99 €/kg "
944,"Soolapekk küüslauguga, UVIC, kg","6,99 €  6,99 €/kg "
945,"Kalmaar vähesoolane, MSDM, 36 g","1,59 €  44,17 €/kg "
946,"Soolaforellifilee õlis viilutatud, M.V.WOOL, 170 g","5,39 €  31,71 €/kg "
947,"Kuivatatud lest, SAARE HÕBE, 130 g","2,69 €  20,69 €/kg "
948,"Maksikrevetid (surimi) küüslaugumaitselises õlis, VICI, 320 g","2,99 €  9,34 €/kg "
949,"Räimerullid juurviljadega marinaadis, VIRU RAND, 200 g","2,19 €  17,66 €/kg "
950,"Tuunikala tükid õlis, ELDORADO, 185 g","2,99 €  16,16 €/kg "
951,"Suitsutatud seakeel, MAKS&MOORITS, kg","12,99 €  12,99 €/kg "
952,"Marineeritud heik, M.V.WOOL, 250 g","2,59 €  10,36 €/kg "
953,"Vinnutatud räim, KALURI, 100 g","1,19 €  11,90 €/kg "
954,"Tapas fuet, chorizo, oliivid, EMBUTIDOS CAULA, 120 g","2,79 €  23,25 €/kg "
955,"Heeringafilee mahedas marinaadis, M.V.WOOL, kg","4,99 € 4,99 €/kg "
956,"Põdrapiip, LINNAMÄE LIHATÖÖSTUS, 110 g","6,49 € 6,49 €/kg "
957,"Kalmaari ribad, MSDM, 36 g","1,99 €  18,09 €/kg "
958,"Suflee lõhefileest, AVEKTRA, 220 g","1,59 €  44,17 €/kg "
959,"Tuunikala soolvees, RIO MARE, 160 g","3,99 €  18,14 €/kg "
960,"Marineeritud angerjas, M.V.WOOL, 250 g","4,29 €  26,81 €/kg "
961,"Rannakarbid Aperitif veinikastmes, VILSUNDBLUE, 350 g","13,99 €  55,96 €/kg "
962,"Prosciutto Crudo sink viil, I.B.I.S SPA, 500 g","3,49 €  9,97 €/kg "
963,"Vähesoolane kuivatatud tursk seesamiseemnetega, MSDM, 36 g","15,99 €  31,98 €/kg "
964,"Heeringafilee majoneesi-tilli kastmega, M.V.WOOL, kg","1,59 €  44,17 €/kg "
965,"Kuivatatud hirveliha, LINNAMÄE LIHATÖÖSTUS, 40 g","6,49 €  6,49 €/kg "
966,"Lihaveise sisefilee steik (laagerdatud), RAKVERE LK, 360 g","3,59 €  89,75 €/kg "
967,"Räimefilee rullis ja äädikas, KAPTEN GRANT, 250 g","17,99 €  49,97 €/kg "
968,"Kuivatatud latika filee ribad, LEEDEVÄLJA, 40 g","2,79 €  11,16 €/kg "
969,"Lihaveise sink pipradekooriga, LINNAMÄE LIHATÖÖSTUS, 100 g","2,49 €  62,25 €/kg "
970,"Põdraliha konserv, RANNAROOTSI, 240 g","1,99 €  19,90 €/kg "
971,"Tursamari, LEMBERG, 100 g","3,59 €  14,96 €/kg "
972,"Heeringasalat kartuliga, VICI, 400 g","1,79 €  17,90 €/kg "
973,"Seafileesnäkid, RAKVERE LK, 50 g","1,79 €  4,48 €/kg "
974,"Kuivatatud veiseliha, LINNAMÄE LIHATÖÖSTUS, 50 g","1,79 €  35,80 €/kg "
975,"Heeringafileetükid majoneesikastmes tilliga, VIRU RAND, 250 g","2,99 €  59,80 €/kg "
976,"Caviare punane kaaviar, KRISKAL, 100 g","2,59 €  10,36 €/kg "
977,"Tapas fuet, chorizo, juust, EMBUTIDOS CAULA, 150 g","1,69 €  16,90 €/kg "
978,"Tursk suitsutatud, MSDM, 36 g","2,79 €  23,25 €/kg "
979,"Mintaimari, LEMBERG, 100 g","1,59 €  44,17 €/kg "
980,"Mini Salchichon kalkuni, LA SELVA, 250 g","1,79 €  17,90 €/kg "
981,"India ookeani meretint, MSDM, 36 g","4,99 €  19,96 €/kg "
982,"Tursk vürtsikas, MSDM, 36 g","1,59 €  44,17 €/kg "
983,"Rannakarbid soolvees, VILSUNDBLUE, 350 g","1,59 €  44,17 €/kg "
984,"Karpkala roogitud, jahutatud, kg","3,49 €  9,97 €/kg "
985,"Vorst Mini Fuet Extra, CASADEMONT, 80 g","7,99 €  7,99 €/kg "
986,"Hirveliha omas mahlas, RANNAROOTSI, 240 g","1,99 €  24,88 €/kg "
987,"Fuet Extra musta pipraga, EMBUTIDOS CAULA, 160 g","2,79 €  11,63 €/kg "
988,"Rannakarbid Catalane, VILSUNDBLUE, 350 g","3,29 €  20,56 €/kg "
989,"Kuivatatud tuulehaugi filee tükid, LEEDEVÄLJA, 40 g","3,49 €  9,97 €/kg "
990,"Põhjapõdramaksa patee, LINNAMÄE LIHATÖÖSTUS, 160 g","2,49 €  62,25 €/kg "
991,"Fuet Extra mini viigimarjadega, CASADEMONT, 80 g","3,59 €  22,44 €/kg "
992,"Lõhe omas mahlas EO, KAPTEN GRANT, 230 g","2,29 €  28,63 €/kg "
993,"Anchovy vähesoolane, BRIIS, neto 120 g","2,19 €  9,52 €/kg "
994,"Saare silk, SAARE HÕBE, 300 g","2,59 €  16,19 €/kg "
995,"Broilerikoivad punaseveini marinaadis, SELVER, kg","1,69 €  5,63 €/kg "
996,"Lõhesteik jahutatud, kg","3,99 €  3,99 €/kg "
997,"Vorst Fuet Extra mini juustuga, CASADEMONT, 80 g","9,99 €  9,99 €/kg "
998,"Karamelliseeritud sibulapatee, CUIT´S, 125 g","2,29 €  28,63 €/kg "
999,"Kalkuni poolkoib röstitud sibulate ja rõõsa koorega, RAKVERE LK, kg","2,29 €  18,32 €/kg "
1000,"Pardilihavaht kuivatatud ploomi ja aprikoosiga, CUIT´S, 80 g","7,99 €  7,99 €/kg "
1001,"Kuivatatud Musta mere tint, LEEDEVÄLJA, 40 g","3,99 €  49,88 €/kg "
1002,"Lutsufilee tomatimarinaadis, PEIPSI KALATÖÖSTUS, 330 g","2,49 €  62,25 €/kg "
1003,"Hiidkrevett 60/80 keedetud, peaga, sulatatud, kg","2,49 €  7,55 €/kg "
1004,"Pasteet serrano singiga, CUIT´S, 125 g","15,99 €  15,99 €/kg "
1005,"Tuunikala tükid õlis tšilliga, KAPTEN GRANT, 185 g","2,29 €  18,32 €/kg "
1006,"Stauriid suitsumaitseline, MSDM, 36 g","2,19 €  11,84 €/kg "
1007,"Puhastatud kilu rullid õlimarinaadis, KAPTEN GRANT, 170 g","1,59 €  44,17 €/kg "
1008,"Metskitse konserv, LINNAMÄE, 240 g","2,39 €  14,06 €/kg "
1009,"Praetud rääbis tomatikastmes, RANNAKÜLA, 100 g","3,59 €  14,96 €/kg "
1010,"Suitsutatud rääbis õlis, RANNAKÜLA, 100 g","2,79 €  27,90 €/kg "
1011,"Vinnutatud meritint, KALURI, 100 g","2,79 €  27,90 €/kg "
1012,"Eelküpsetatud kulinaarne ahjuribi, MAKS&MOORITS, kg","2,39 €  23,90 €/kg "
1013,"Puhastatud vähisabad marinaadis 150 g neto, MARWI, 300 g","7,99 €  7,99 €/kg "
1014,"Seakael sinepipaneeringus, SELVER, kg","4,99 €  33,27 €/kg "
1015,"Räimefilee marinaadis, M.V.WOOL, kg","8,99 €  8,99 €/kg "
1016,"Kaheksajalad soolvees 200 g, VICI, 100 g neto","8,59 €  8,59 €/kg "
1017,"Kuivatatud põdraliha, LINNAMÄE LIHATÖÖSTUS, 40 g","5,99 €  59,90 €/kg "
1018,"Kuivatatud metssealiha, LINNAMÄE LIHATÖÖSTUS, 40 g","3,59 €  89,75 €/kg "
1019,"Vasikalihast osso bucco köögiviljadega, RANNAROOTSI, 800 g","2,99 €  74,75 €/kg "
1020,"Punane kaaviar jahutatud (forellimari), kg","8,49 €  10,61 €/kg "
1021,"Lõhemari Krasnoe Zoloto, IKROFF, 95 g","62,90 €  62,90 €/kg "
1022,"Lõhe juurviljadega mehhikopäraselt EO, KAPTEN GRANT, 240 g","10,99 €  115,68 €/kg "
1023,"Sealihapada, SELVER, kg","5,59 € 5,59 €/kg "
1024,"Baieripärased kanakintsud, SELVER, kg","6,99 € 6,99 €/kg "
1025,"Hirveliha äkis metsaseentega, LINNAMÄE LIHATÖÖSTUS, 170 g","3,99 €  3,99 €/kg "
1026,"Kolme juustu ahjukana, TALLEGG, kg","4,99 €  29,35 €/kg "
1027,"Lõhevardad köögiviljadega, SELVER, kg","5,59 €  5,59 €/kg "
1028,"Sea jalad, RAKVERE LK, 800 g","17,99 €  17,99 €/kg "
1029,"Lõhe juurviljadega itaaliapäraselt EO, KAPTEN GRANT, 240 g","1,49 €  1,86 €/kg "
1030,"Seapraad Rakvere, RAKVERE LK, kg","1,79 €  7,46 €/kg "
1031,"Kalawok, SELVER, kg","5,99 €  5,99 €/kg "
1032,"Seatagakoot, RAKVERE LK, kg","16,99 €  16,99 €/kg "
1033,"Küülikukoivad koorekastmes, 700g, RANNAMÕISA","2,59 €  2,59 €/kg "
1034,"Pool kana ürdivõiga küpsetuskotis, TALLEGG, kg","9,99 €  14,27 €/kg "
1035,"Külmsuitsulõhe viilutatud, M.V.WOOL, 500 g","4,59 €  4,59 €/kg "
1036,"Maasuitsune ahjusiga, MAKS&MOORITS, kg","15,99 €  31,98 €/kg "
1037,"Taine fileepraad ürtidega, MAKS&MOORITS, kg","8,99 €  8,99 €/kg "
1038,"Lõhetasku mozzarellaga, SELVER, kg","7,99 €  7,99 €/kg "
1039,"Hirvevorst pipradekooriga, LINNAMÄE LIHATÖÖSTUS, 105 g","19,99 €  19,99 €/kg "
1040,"Praetud peipsi ahven tomatikastmes, RANNAPUURA, 190 g","1,99 €  18,95 €/kg "
1041,"Tuunikala filee oliivõlis, CALVO, 104 g","2,59 €  13,63 €/kg "
1042,"Tuunikala filee soolvees, CALVO, 160 g neto 122 g","3,79 €  36,44 €/kg "
1043,"Sprotid õlis, NORDIC, 120 g","2,99 €  18,69 €/kg "
1044,"Sprotid õlis sidruniga, NORDIC, 120 g","2,59 €  21,58 €/kg "
1045,"Sprotid õlis basiilikuga, NORDIC, 120 g","2,59 €  21,58 €/kg "
1046,"Sprotid õlis sibulaga, NORDIC, 100 g","2,59 €  21,58 €/kg "
1047,"Sprotid õlis tomatikastmes, NORDIC, 100 g","1,79 €  17,90 €/kg "
1048,"Sprotid õlis küüslauguga, NORDIC, 100 g","1,79 €  17,90 €/kg "
1049,"Poolkoivad mahedas marinaadis, SELVER, kg","1,79 €  17,90 €/kg "
1050,"Jahutatud broilerikintsud, TALLEGG, kg","3,99 €  3,99 €/kg "
1051,"Jahutatud broilerikintsuliha, TALLEGG, kg","3,49 €  3,49 €/kg "
1052,"S/k Suitsukont, RANNAROOTSI, kg","6,99 €  6,99 €/kg "
1053,"Sea kulinaarne ribi, RAKVERE LK, kg","1,99 € 1,99 €/kg "
1054,"Paalia marinaadis, LEOKI KALA, 530 g","3,59 € 3,59 €/kg "
1055,"Vikerforell marinaadis, LEOKI KALA, 530 g","5,99 € 5,99 €/kg "
1056,"Tuur marinaadis, LEOKI KALA, 330 g","6,99 € 6,99 €/kg "
1057,"Marineeritud angerjas, VÄNDRA KALATOOTED, 450 g","10,99 €  20,74 €/kg "
1058,"Marineeritud angersäga, VÄNDRA KALATOOTED, 250 g","10,99 €  20,74 €/kg "
1059,"Grillitud silmud traditsioonilised, KALAKE, 250 g","9,99 €  30,27 €/kg "
1060,"Heeringafilee Meremehe, KAPTEN GRANT, 240 g","13,99 €  31,09 €/kg "
1061,"Saaremaa räimerullid, SAARE HÕBE, 250 g","5,99 €  23,96 €/kg "
1062,"Moiva kalamarjakreem klassikaline, SANTA BREMOR, 180 g","12,99 €  51,96 €/kg "
1063,"Moiva kalamarjakreem suitsulõhega, SANTA BREMOR, 180 g","1,99 €  8,29 €/kg "
1064,"Moiva kalamari krevettidega, SANTA BREMOR, 180 g","3,59 €  14,36 €/kg "
1065,"Saaremaa räimefileed kadakamarinaadis, SAARE HÕBE, 300 g","3,59 €  19,94 €/kg "
1066,"Krilli määre Antarktika klassikaline, SANTA BREMOR, 150 g","3,59 €  19,94 €/kg "
1067,"Krilli määre Antarktika suitsutatud, SANTA BREMOR, 150 g","3,59 €  19,94 €/kg "
1068,"Jahutatud krabimaitselised surimi pulgad ""Prantsuse krabi"" kodujuustu ja lõhega, SANTA BREMOR, 200 g","3,59 €  11,97 €/kg "
1069,"Jahutatud krabimaitselised surimi pulgad ""Prantsuse krabi"" Antarktika krilli täidisega, SANTA BREMOR, 200 g","2,49 €  16,60 €/kg "
1070,"Krabipulgad king crab, SANTA BREMOR, 250 g","2,49 €  16,60 €/kg "
1071,"Veisesisefilee, RAKVERE LK, kg","1,99 €  9,95 €/kg "
1072,"Jahutatud broilerikoivad, TALLEGG, kg","1,99 €  9,95 €/kg "
1073,"Heeringafilee sidrunimarinaadis, SELVER, kg","2,99 €  11,96 €/kg "
1074,"Praetud räimed koduses marinaadis, BRIIS, 270 g / neto 140 g","17,99 €  17,99 €/kg "
1075,"Praetud räimed tomatikastmes, BRIIS, 270 g","2,59 € 2,59 €/kg "
1076,"Veise välisfilee, RAKVERE LK, kg","3,29 € 3,29 €/kg "
1077,"Keeduvorst Moskva, RANNAROOTSI, 500 g","6,99 €  6,99 €/kg "
1078,"Kanafileerõngad, TALLEGG, 300 g","1,49 €  10,64 €/kg "
1079,"Veiselihasnäkk Ehe, RANNAROOTSI, 90 g","1,49 €  5,52 €/kg "
1080,"Juustuviiner EHE, RANNAROOTSI, 330 g","12,99 € 12,99 €/kg "
1081,"Lihaveise liha omas mahlas, LIIVIMAA LIHAVEIS, 240 g","15,99 € 15,99 €/kg "
1082,"Vürtsikas lihaveise liha, LIIVIMAA LIHAVEIS, 240 g","2,39 €  4,78 €/kg "
1083,"Kvaliteetviiner lihaveise- ja seafileest Fitlap, MATSIMOKA, 284 g","1,99 €  6,63 €/kg "
1084,"Prosciutto crudo maitsestatud basiilikuga, SAN MICHELE, 90 g","1,49 €  16,56 €/kg "
1085,"Prosciutto crudo maitsestatud sidruni ja musta pipraga, SAN MICHELE, 90 g","2,59 €  7,85 €/kg "
1086,"Õrnsuitsu sisefilee, MAKS&MOORITS, kg","2,99 €  12,46 €/kg "
1087,"Kanafileesink, MAKS&MOORITS, 150 g","2,99 €  12,46 €/kg "
1088,"Kanafileesingi kuubikud, MAKS&MOORITS, 250 g","3,99 €  14,05 €/kg "
1089,"Sisefilee kuubikud õrnsuitsu, MAKS&MOORITS, 200 g","3,99 €  44,33 €/kg "
1090,"Juustuvorst, MAKS&MOORITS, 400 g","3,99 €  44,33 €/kg "
1091,"Sinkvorst, MAKS&MOORITS, 400 g","8,99 €  8,99 €/kg "
1092,"Juustuvorst XL (viilutatud), MAKS&MOORITS, 300 g","1,29 €  8,60 €/kg "
1093,"Kanapihvid, MAKS&MOORITS, 400 g","1,59 €  6,36 €/kg "
1094,"Lihapallid kurgi-sinepi täidisega, MAKS&MOORITS, 300 g","1,99 €  9,95 €/kg "
1095,"Lihapallid kartulitäidisega, MAKS&MOORITS, 300 g","2,29 €  5,73 €/kg "
1096,"Paneeritud kanafileešnitsel, MAKS&MOORITS, 340 g","2,49 €  6,23 €/kg "
1097,"Kanatasku juustutäidisega, KIKAS, 230 g","1,99 €  6,63 €/kg "
1098,"Praetud heeringafilee koduses marinaadis, KALURI, 430 g","1,99 €  4,98 €/kg "
1099,"Praetud heeringafilee tomatikastmes, KALURI, 430 g","2,29 €  7,63 €/kg "
1100,"Heeringafileetükid punase veini marinaadis, VIRU RAND, 270 g","1,99 €  6,63 €/kg "
1101,"Hiinapärane liharoog, MAKS&MOORITS, 500 g","2,59 €  7,62 €/kg "
1102,"Heeringafilee tükid mahedas marinaadis, SAARE HÕBE, 300 g","1,69 €  7,35 €/kg "
1103,"Marineeritud klaarsäga, M.V.WOOL, 250 g","2,99 €  6,95 €/kg "
1104,"Kanafileerullid juustuga Fitlap, NÕO LIHAVÜRST, 400 g","2,99 €  6,95 €/kg "
1105,"Soolalõhefilee viilutatud, SELVER, kg","2,59 €  9,59 €/kg "
1106,"Eelküpsetatud BBQ-suitune tagakoot, MAKS&MOORITS, kg","3,99 €  7,98 €/kg "
1107,"Ahjuvorstid puravikuga, RANNAROOTSI, 400 g","2,49 €  8,30 €/kg "
1108,"Suusabaasi toorvorstid, KARNI, 400 g","5,59 €  22,36 €/kg "
1109,"Šnitsel musta leiva paneeringus, RANNAROOTSI, 400 g","4,79 €  11,98 €/kg "
1110,"Metsamehe praeviilud, KARNI, 500 g","19,99 € 19,99 €/kg "
1111,"Rammusad liharullid Hellmann´s majoneesiga, NÕO LIHAVÜRST, 460 g","24,90 € 24,90 €/kg "
1112,"Ahjupraad (eelküpsetatud) Ehe, RANNAROOTSI, 500 g","5,59 €  5,59 €/kg "
1113,"Texase ahjušnitšel sealihast, NÕO LIHAVÜRST, 470 g","3,99 €  9,98 €/kg "
1114,"Seapõsk kauaküpsetatud Fitlap, NÕO LIHAVÜRST, kg","3,49 €  8,73 €/kg "
1115,"Kanataskud mango-jalapeno, NÕO LIHAVÜRST, 450 g","3,99 €  9,98 €/kg "
1116,"Vasikalihakotletid toorjuustuga (gluteenivabad), RANNAROOTSI, 400 g","4,99 €  9,98 €/kg "
1117,"Kanafileefriikad juustuga, TALLEGG, 300 g","5,49 €  11,93 €/kg "
1118,"Sömer veisemaksa pasteet, SAAREMAA, 150 g","5,79 €  11,58 €/kg "
1119,"Ahjuvorst sibula ja äädikaga, MATSIMOKA, 406 g","4,79 €  11,80 €/kg "
1120,"Tüüringeni praevorstid, OSKAR, 480 g","3,99 €  8,31 €/kg "
1121,"Pardiliha tarrendis, RANNAMÕISA, 150 g","1,39 €  9,27 €/kg "
1122,"Saledad seljaviilud, KARNI, 500 g","5,49 €  10,98 €/kg "
1123,"Ahjupraad seljakarbonaadist, OSKAR, kg","9,59 €  9,59 €/kg "
1124,"Ahjukana mustika, RANNAMÕISA, kg","4,99 €  4,99 €/kg "
1125,"Kanafileerullid tillivõiga küpsetuskarbis, TALLEGG, 470 g","5,99 €  12,74 €/kg "
1126,"Kanafileeribad puraviku-röstsibula, TALLEGG, 400 g","3,49 €  8,73 €/kg "
1127,"Ananassiga kanapada, OSKAR, 500 g","4,59 €  9,18 €/kg "
1128,"Kanapraad ürdivõiga küpsetuskotis, TALLEGG, kg","9,59 €  9,59 €/kg "
1129,"Lihapallid ürdi-toorjuustuseguga, RAKVERE LK, 300 g","2,99 €  9,97 €/kg "
1130,"Täissuitsuvorst, RAKVERE LK, 210 g","2,59 €  12,33 €/kg "
1131,"Lihakas ahjuvorst maasuitsulihaga, RAKVERE LK, 450 g","3,59 €  7,98 €/kg "
1132,"Juubelipraad õunte ja sinepiga küpsetuskotis, RAKVERE LK, kg","7,99 €  7,99 €/kg "
1133,"Ahjukael suitsupeekoniga, RAKVERE LK, kg","9,59 €  9,59 €/kg "
1134,"Juubeli seapraelõigud ploomidega küpsetuskarbis, RAKVERE LK, 620 g","7,99 €  12,89 €/kg "
1135,"Kanaliha magus-vürtsikas marinaadis, KIKAS, 700 g","5,59 €  7,99 €/kg "
1136,"Väikesesed pannivorstid karulauguga, MAKS&MOORITS, 450 g","3,79 €  8,42 €/kg "
1137,"Mulgivorstid suitsulihaga, MAKS&MOORITS, 400 g","1,99 €  4,98 €/kg "
1138,"Pannifilee ürdivõiga, MAKS&MOORITS, 500 g","4,59 €  9,18 €/kg "
1139,"Ahjupeekon, MAKS&MOORITS, kg","6,59 €  6,59 €/kg "
1140,"Suur seapraad maitselt mahe, MAKS&MOORITS, kg","6,99 €  6,99 €/kg "
1141,"Kartulivorst põdrasingiga, LINNAMÄE LIHATÖÖSTUS, 360 g","3,49 €  9,69 €/kg "
1142,"Põdralihast ahjurõngas, LINNAMÄE LIHATÖÖSTUS, 320 g","3,59 €  11,22 €/kg "
1143,"Liharullid köögiviljaraguu ja metsaseentega, LINNAMÄE LIHATÖÖSTUS, 500 g","6,59 €  13,18 €/kg "
1144,"Juustune fileetasku päikesekuivatatud tomatitega, LINNAMÄE LIHATÖÖSTUS, 650 g","6,99 €  10,75 €/kg "
1145,"Kanakintsuliha kooreses küüslaugumarinaadis, LINNAMÄE LIHATÖÖSTUS, 600 g","4,99 €  8,32 €/kg "
1146,"Sea antrekoot, ARMEENIA GRILL, kg","7,99 €  7,99 €/kg "
1147,"Kalkuni praad, ARMEENIA GRILL, kg","7,99 €  7,99 €/kg "
1148,"Broileri kintsuliha karulaugu marinaadis, SELVER, kg","7,99 €  7,99 €/kg "
1149,"Lõhefilee ingveri, tšilli ja sidruniga, SELVER, kg","17,99 € 17,99 €/kg "
1150,"Kuumsuitsu skumbria (lahtine), M.V.WOOL, kg","24,90 € 24,90 €/kg "
1151,"Ahjuvorstid mozzarella, tomati ja basiilikuga, MATSIMOKA, 284 g","7,99 €  7,99 €/kg "
1152,"Lihakas lihapall, RAKVERE LK, 300 g","3,59 €  12,64 €/kg "
1153,"Sea kaelakarbonaadi lõigud, SELVER, kg","2,29 €  7,63 €/kg "
1154,"Sea välisfileest minutipihvid, SELVER, kg","7,59 €  7,59 €/kg "
1155,"Peekonilõigud, SELVER, kg","8,59 €  8,59 €/kg "
1156,"Peekonilõigud sibulaga, SELVER, kg","7,99 €  7,99 €/kg "
1157,"Broilerifilee ürdimarinaadis, SELVER, kg","7,99 €  7,99 €/kg "
1158,"Ahjuribi (Baieri marinaadis), SELVER, kg","7,59 €  7,59 €/kg "
1159,"Seavälisfilee küüslauguga, SELVER, kg","7,99 €  7,99 €/kg "
1160,"Ahjukana poolikud marinaadis, SELVER, kg","7,99 €  7,99 €/kg "
1161,"Veise antrekoot, RAKVERE LK, kg","4,99 €  4,99 €/kg "
1162,"Suitsukanavõie, KARNI, 190 g","9,99 €  9,99 €/kg "
1163,"Sea kaelakarbonaad ürdimarinaadis, SELVER, kg","1,99 €  10,47 €/kg "
1164,"Küüslauguga poolsuitsuvorst, FRANK KUTTER, 350 g","7,99 €  7,99 €/kg "
1165,"Mahe rohumaaveise minutisteik, LIIVIMAA LIHAVEIS, kg","2,99 €  8,54 €/kg "
1166,"Fuetec trühvliga, ELPOZO, 150 g","19,99 €  19,99 €/kg "
1167,"Mini kiievi kotlet tillivõiga, TALLEGG, 300 g","3,79 €  25,27 €/kg "
1168,"Saarlase ehtne jõulupraad, SAAREMAA, kg","3,59 €  11,97 €/kg "
1169,"Suitsutatud metskitseviiul, LINNAMÄE LIHATÖÖSTUS, kg","8,99 €  8,99 €/kg "
1170,"Mahe rohumaaveise osso bucco, LIIVIMAA LIHAVEIS, kg","39,90 €  39,90 €/kg "
1171,"Lestafilee jahutatud, kg","10,99 €  10,99 €/kg "
1172,"Forellimari, KAPTEN GRANT, 100 g","13,99 €  13,99 €/kg "
1173,"Seaprae lõigud, MAKS&MOORITS, 400 g","8,99 €  89,90 €/kg "
1174,"Soolapeekoni lõigud, MAKS&MOORITS, 400 g","2,49 €  6,23 €/kg "
1175,"Minutipihv seavälisfileest, MAKS&MOORITS, 400 g","2,99 €  7,48 €/kg "
1176,"Lastevorst, MAKS&MOORITS, 400 g","2,99 €  7,48 €/kg "
1177,"Metskitseliha täissuitsuvorst Eesti Uluk, RANNAROOTSI, 180 g","1,59 €  3,98 €/kg "
1178,"Põdralihast täissuitsuvorst juustuga Eesti Uluk, RANNAROOTSI, 180 g","2,59 €  14,39 €/kg "
1179,"Kalkunilihast täissuitsuvorst Ehe, RANNAROOTSI, 180 g","2,59 €  14,39 €/kg "
1180,"Veisemaksapasteet, MAKS&MOORITS, 210 g","2,79 €  15,50 €/kg "
1181,"Lihapasteet, MAKS&MOORITS, 210 g","1,29 €  6,14 €/kg "
1182,"Kreemjas kodupasteet, MAKS&MOORITS, 210 g","1,59 €  7,57 €/kg "
1183,"Silmud tarrendis, VITARSIS, 250 g","1,19 €  5,67 €/kg "
1184,"Salat surimist pulgad riisi ja köögiviljadega, VICI, 200 g","9,99 €  39,96 €/kg "
1185,"Sea ribiliha, MAKS&MOORITS, kg","1,39 €  6,95 €/kg "
1186,"Täissuitsu põdravorst, LINNAMÄE LIHATÖÖSTUS, 105 g","6,59 €  6,59 €/kg "
1187,"HULGI Paneeritud fileešnitsel 4tk, MAKS&MOORITS,4 x 280 g","1,99 €  18,95 €/kg "
1188,"HULGI Täissuitsuvorst Moskva 4tk, MAKS&MOORITS, 4 x 240 g","6,00 €  5,36 €/kg "
1189,"HULGI Viiner Ehe 3tk, RANNAROOTSI, 3 x 330 g","6,00 €  6,25 €/kg "
1190,"HULGI Seasink välisfileest Ehe 4tk, RANNAROOTSI, 4 x 120 g","4,95 €  5,00 €/kg "
1191,"HULGI Paprikalõige 4tk, RANNAROOTSI, 4 x 150 g","4,00 €  8,33 €/kg "
1192,"HULGI Hommikupeekon 4tk, NÕO LIHAVÜRST, 4 x 135 g","3,00 €  5,00 €/kg "
1193,"HULGI Snäkk Parmigiano-Reggiano juustuga 6tk, NÕO LIHAVÜRST, 6 x 85 g","5,00 €  9,26 €/kg "
1194,"HULGI Eestimaise broilerifilee tükid 3tk, TALLEGG, 3 x 400 g","6,00 €  11,76 €/kg "
1195,"HULGI Ameerikapärane toorsuitsupeekon (3pakk ) 3tk, RAKVERE LK, 3 x 450 g","7,50 €  6,25 €/kg "
1196,"Kodune kotletisegu, MAKS&MOORITS, 500 g","9,90 €  7,33 €/kg "
1197,"Kanakrõbedik seemnetega, LINNAMÄE LIHATÖÖSTUS, 650g","2,79 €  5,58 €/kg "
1198,"Seapraad kondiga kamaraga (tagaosast), RAKVERE LK, kg","5,59 €  8,60 €/kg "
1199,"Piim 2,5% kiles, ALMA, 1 l","0,59 €  0,59 €/l "
1200,"Hapukoor 20% kiles, ALMA, 500 g","0,99 €  1,98 €/kg "
1201,"Piim 2,5%, ALMA, 1,5 l","0,99 €  0,66 €/l "
1202,"MO Saaremaa või, SAAREMAA, 200 g","1,99 €  9,95 €/kg "
1203,"Munad M10, SELVER, 10 tk, valged munad","1,09 €  0,11 €/tk "
1204,"Täispiim 3,8%-4,2%, FARMI, 2 l","1,79 €  0,90 €/l "
1205,"Piim 2,5% pure, ALMA, 1 l","0,79 €  0,79 €/l "
1206,"Kohvikoor 10%, TERE, 200 ml","0,35 €  1,75 €/l "
1207,"Suured munad L10, EGGO, 10 tk, valged munad","1,59 €  0,16 €/tk "
1208,"Keefir 2,5%, VALIO GEFILUS, 1 kg","0,89 €  0,89 €/kg "
1209,"Glasuurkohuke Classic vanilli, TERE, 43 g","0,39 €  9,07 €/kg "
1210,"Kohupiima juustuke vanilla, KARUMS, 45 g","0,39 €  8,67 €/kg "
1211,"Kohvikoor 10%, TERE, 380 ml","0,69 €  1,82 €/l "
1212,"Vahukoor 35%, ALMA, 400 ml","1,69 €  4,23 €/l "
1213,"Või 82%, TERE, 200 g","1,99 €  9,95 €/kg "
1214,"Täispiim pure, FARMI, 1 l","0,99 €  0,99 €/l "
1215,"Täispiim 3,8-4,2%, ALMA, 2 l","1,39 €  0,70 €/l "
1216,"Hapukoor 20% kiles, ALMA, 250 g","0,75 €  3,00 €/kg "
1217,"Sulatatud juust, MEREVAIK, 200 g","1,35 €  6,75 €/kg "
1218,"Kodujuust 5%, ALMA, 380 g","1,59 €  4,18 €/kg "
1219,"Kohvikoor 10%, ALMA, 380 ml","0,65 €  1,71 €/l "
1220,"Kohupiimakreem vanilli 2,5%, ALMA, 300 g","1,09 €  3,63 €/kg "
1221,"Keefir 2,5%, ALMA, 1 kg","0,69 €  0,69 €/kg "
1222,"Hapukoor 20%, FARMI, 500 g","1,09 €  2,18 €/kg "
1223,"Kohupiima juustuke šokolaadi, KARUMS, 45 g","0,39 €  8,67 €/kg "
1224,"Muna Liisa kanamunad L10, MUNALIISA, 10 tk","1,59 €  0,16 €/tk "
1225,"Piim 2,5%, TERE, 1 l","0,79 €  0,79 €/l "
1226,"Eesti taluvõi 82%, ESTOVER, 150 g","1,59 €  10,60 €/kg "
1227,"Vahukoor 35%, TERE, 200 ml","0,89 €  4,45 €/l "
1228,"Kohupiim Ricotta, PIIMAMEISTER OTTO, 200 g","0,39 €  1,95 €/kg "
1229,"Kodujuust klassikaline, PIIMAMEISTER OTTO, 440 g","1,79 €  4,07 €/kg "
1230,"Keefir 2,5%, HELLUS, 1 kg","0,95 €  0,95 €/kg "
1231,"Toidukoor 20%, ALMA, 400 ml","1,19 €  2,98 €/l "
1232,"Kohupiimakreem kakao, EMMA, 150 g","0,85 €  5,67 €/kg "
1233,"Täispiim 3,8-4,2%, FARMI, 1,5 l","1,39 €  0,93 €/l "
1234,"Magus kohupiim vanilliga, TERE, 200 g","0,89 €  4,45 €/kg "
1235,"Kohupiim 5%, TERE, 200 g","0,89 €  4,45 €/kg "
1236,"Täispiim 3,8-4,2%, ALMA, 1 l","0,99 €  0,99 €/l "
1237,"Glasuurkohuke Classic mustika, TERE, 43 g","0,39 €  9,07 €/kg "
1238,"Glasuurkohuke Classic vanilli multipakk, TERE, 7x43 g","2,49 €  8,27 €/kg "
1239,"Vanillimaitseline kohupiim, SELVER, 200 g","0,75 €  3,75 €/kg "
1240,"Piim D-vitamiiniga laktoosivaba, TERE, 1 L","1,15 €  1,15 €/l "
1241,"Hapukoor 20% laktoosivaba, TERE, 300 g","1,19 €  3,97 €/kg "
1242,"Kreeka jogurt 10%, SAARE, 380 g","1,19 €  3,13 €/kg "
1243,"Kohupiimakreem 3%, ALMA, 300 g","1,09 €  3,63 €/kg "
1244,"Kollased munad M10, EGGO, 10 tk","1,79 €  0,18 €/tk "
1245,"Kodujuust klassikaline, PIIMAMEISTER OTTO, 330 g","1,39 €  4,21 €/kg "
1246,"Jogurt šokolaadirõngastega, ALMA, 150 g","0,89 €  5,93 €/kg "
1247,"Piimajook 1,5%, VALIO EILA, 1 l","1,99 €  1,99 €/l "
1248,"Kohuke šokolaaditükkidega, SAARE, 40 g","0,39 €  9,75 €/kg "
1249,"Kollased Talumunad L, LINNU TALU, 10 tk","1,79 €  0,18 €/tk "
1250,"Või soolakristallidega 80%, SAAREMAA, 200 g","2,29 €  11,45 €/kg "
1251,"Toorjuust Classic, PHILADELPHIA, 200 g","2,19 €  10,95 €/kg "
1252,"Kodujuust murakamoosiga 5%, ALMA, 200 g","1,59 €  7,95 €/kg "
1253,"Kohuke vanilli (laktoosivaba), SAARE, 40 g","0,39 €  9,75 €/kg "
1254,"Kohupiimakreem mustikakisselliga, EMMA, 150 g","0,79 €  5,27 €/kg "
1255,"Kodujuust, SELVER, 380 g","1,29 €  3,39 €/kg "
1256,"Glasuurkohuke kookose, KARUMS, 45 g","0,39 €  8,67 €/kg "
1257,"Hapukoor 10%, FARMI, 500 g","0,95 €  1,90 €/kg "
1258,"Või 82%, SELVER, 200 g","1,49 €  7,45 €/kg "
1259,"Piim 2,5%, ALMA, 0,5 l","0,49 €  0,98 €/l "
1260,"Piim 3,5% kiles, ALMA, 1 l","0,79 €  0,79 €/l "
1261,"Kodujuust 5%, ALMA, 200 g","1,09 €  5,45 €/kg "
1262,"Kohupiimakreem rabarberikisselliga, EMMA, 150 g","0,79 €  5,27 €/kg "
1263,"Kohupiimadessert šokolaaditäidisega, JEPPI, 38 g","0,23 €  6,05 €/kg "
1264,"Vahukoor 35%, ALMA, 200 ml","0,89 €  4,45 €/l "
1265,"Koorene kohuke murakas-sidrun, SAARE, 40 g","0,39 €  9,75 €/kg "
1266,"Kreeka jogurt maitsestamata, ALMA, 370 g","1,29 €  3,49 €/kg "
1267,"Sipsiku kohuke metsamarja täidisega ja jogurti glasuuriga, SAARE, 40 g","0,39 €  9,75 €/kg "
1268,"Kollased Talumunad M, LINNU TALU, 10 tk","1,69 €  0,17 €/tk "
1269,"Emma Jogurt riisikuulidega šokolaadis, EMMA, 145 g","0,69 €  4,76 €/kg "
1270,"Kondenspiim suhkruga, JAANI, 250 g","1,49 €  5,96 €/kg "
1271,"Lahja kohupiim vanilliiniga, FARMI, 200 g","0,89 €  4,45 €/kg "
1272,"Kohupiimakreem metsmaasika, ALMA, 300 g","1,09 €  3,63 €/kg "
1273,"Vabalt peetavate kanade munad, SELVER, 10 tk","2,19 €  0,22 €/tk "
1274,"Lahja kohupiim 0,5%, SELVER, 200 g","0,75 €  3,75 €/kg "
1275,"Õrrekanade munad, SELVER, 10tk","1,89 €  0,19 €/tk "
1276,"Kohupiim rosinatega, TERE, 200 g","0,89 €  4,45 €/kg "
1277,"ÖKO Mahetäispiim 4,0 - 4,4%, MO SAAREMAA, 1 l","0,99 €  0,99 €/l "
1278,"Vanillipuding, TERE, 250 g","1,09 €  4,36 €/kg "
1279,"Maitsestamata jogurt 2,5%, VALIO GEFILUS, 380 g","1,19 €  3,13 €/kg "
1280,"Kohupiimapasta vanilje, TERE, 300 g","1,19 €  3,97 €/kg "
1281,"Biskviitkook Kinder Pingui, KINDER, 30 g","0,69 €  23,00 €/kg "
1282,"Kohupiimakreem vaarikakisselliga, EMMA, 150 g","0,79 €  5,27 €/kg "
1283,"Sulatatud juust murulauguga, MEREVAIK, 200 g","1,59 €  7,95 €/kg "
1284,"Meierivõi soolata, VALIO, 500 g","5,99 €  11,98 €/kg "
1285,"Kohupiimakreem vanilli, EMMA, 150 g","0,85 €  5,67 €/kg "
1286,"Glasuurkohukese multipakk jõhvika, TERE, 5x43 g","1,79 €  8,33 €/kg "
1287,"Keefir 2,5% pure, FARMI, 1 l","1,05 €  1,05 €/l "
1288,"Laktoosivaba kodujuust klassikaline, PIIMAMEISTER OTTO, 220g","1,09 €  4,95 €/kg "
1289,"Kodujuust karulaugupestoga, TERE, 300 g","1,49 €  4,97 €/kg "
1290,"Maitsestamata jogurt 2,5%, ALMA, 1 kg","1,49 €  1,49 €/kg "
1291,"Metsmaasika jogurt 2%, SELVER, 1 kg","1,29 €  1,29 €/kg "
1292,"Vahukoor 35%, TERE, 400 ml","1,59 €  3,98 €/l "
1293,"Peremunad M10, EGGO, 10 tk, valged munad","1,49 €  0,15 €/tk "
1294,"Skyr kirssidega, FARMI, 150g","0,89 €  5,93 €/kg "
1295,"Kreeka jogurt maitsestamata, ALMA, 180 g","0,69 €  3,83 €/kg "
1296,"Hapendatud täispiim 3,8% - 4,2%, FARMI, 1 kg","1,15 €  1,15 €/kg "
1297,"Joogijogurt metsamarjamaitseline, ALMA, 900 g","1,39 €  1,54 €/kg "
1298,"Kirsimaitseline tarretis, JÄNKS, 150 g","0,39 €  2,60 €/kg "
1299,"Kohupiimakreem rosina, ALMA, 300 g","1,09 €  3,63 €/kg "
1300,"Kohupiimadessert valge glasuuri ja vaarikaitäidisega, JEPPI, 38 g","0,23 €  6,05 €/kg "
1301,"Cappuccino piim 3,2%, TERE, 1 l","1,39 €  1,39 €/l "
1302,"Latte piim 2,5%, TERE, 1 l","1,39 €  1,39 €/l "
1303,"Kohupiimakreem mustika, ALMA, 300 g","1,09 €  3,63 €/kg "
1304,"Kohupiimadessert vaarikatäidisega, JEPPI, 38 g","0,23 €  6,05 €/kg "
1305,"Või laktoosivaba 82%, TERE, 200 g","2,29 €  11,45 €/kg "
1306,"Keefir 2,5%, VALIO GEFILUS, 500 g","0,69 €  1,38 €/kg "
1307,"Hapukoor 10%, ALMA, 250 g","0,59 €  2,36 €/kg "
1308,"Jogurtijook Hellus metsamarja, TERE, 4x100 g","1,49 €  3,73 €/kg "
1309,"Kodujuust soolakurgi ja tilli, ALMA, 200 g","1,29 €  6,45 €/kg "
1310,"Kohuke Toffe, SAARE, 40 g","0,39 €  9,75 €/kg "
1311,"Biskviitkook Kinder Maxi King, KINDER, 35 g","0,65 €  18,57 €/kg "
1312,"Nopri Kohoke, NOPRI, 100 g","0,79 €  7,90 €/kg "
1313,"Jogurt virsik-papaia 2%, VALIO GEFILUS, 380 g","1,19 €  3,13 €/kg "
1314,"Lahja kohupiim rosinatega, FARMI, 200 g","0,89 €  4,45 €/kg "
1315,"Tervisemunad M10, EGGO, 10 tk, valged munad","1,99 €  0,20 €/tk "
1316,"Vanillimaitseline kohupiimadessert, JEPPI, 38 g","0,23 €  6,05 €/kg "
1317,"Kohupiimapasta banaanitoru, TERE, 300 g","1,19 €  3,97 €/kg "
1318,"Kakaopuding, TERE, 250 g","1,09 €  4,36 €/kg "
1319,"Emma jäätisemaitseline jogurt kommidega, EMMA, 145 g","0,69 €  4,76 €/kg "
1320,"Mahe kanamuna M, KIKERIKII ÖKOMUNA, 10 tk","3,39 €  0,34 €/tk "
1321,"Skyr mustikatega, FARMI, 150 g","0,89 €  5,93 €/kg "
1322,"Hapendatud pett, FARMI, 1 kg","0,95 €  0,95 €/kg "
1323,"Kohupiimapasta 5%, TERE, 300 g","1,29 €  4,30 €/kg "
1324,"Maitsestamata jogurt 5%, SAARE, 400 g","1,29 €  3,23 €/kg "
1325,"Kodujuust Setomaa soolariisikatega, TERE, 300 g","1,89 €  6,30 €/kg "
1326,"Hiidmunad XL10, EGGO, 10 tk, valged munad","1,99 €  0,20 €/tk "
1327,"Mango kohuke glasuuris, KARUMS, 45 g","0,39 €  8,67 €/kg "
1328,"Kodujuust 4%, TERE, 300 g","1,39 €  4,63 €/kg "
1329,"Kreeka jogurt 10%, FARMI, 370 g","1,29 €  3,49 €/kg "
1330,"Jogurt mandli ja šokolaadiga, ALMA, 150 g","0,89 €  5,93 €/kg "
1331,"Kodujuust hapukoorega, PIIMAMEISTER OTTO, 330 g","1,39 €  4,21 €/kg "
1332,"Kohupiimakreem šokolaaditükkidega, ALMA, 150g","0,79 €  5,27 €/kg "
1333,"Mahemunad valged, 6tk","2,19 €  0,37 €/tk "
1334,"Koorejogurt Muah stracciatella, ALMA, 380 g","1,29 €  3,39 €/kg "
1335,"Kohuke toffe multipakk (7+1), SAARE, 8x40 g","2,49 €  7,78 €/kg "
1336,"Kinder Pingui kakao, KINDER, 4x30 g","2,19 €  18,25 €/kg "
1337,"Kohupiimakreem maasikakisselliga, TERE, 150 g","0,79 €  5,27 €/kg "
1338,"Jogurtijook Hellus maasika, HELLUS, 4x100 g","1,49 €  3,73 €/kg "
1339,"FIT glasuurkohuke vanilli magusainetega, FIT, 43 g","0,45 €  10,47 €/kg "
1340,"Proteiinipuding Fit vanilli, TERE, 150 g","0,99 €  6,60 €/kg "
1341,"Kohupiimakreem kakao 2,5% tops, ALMA, 380 g","1,49 €  3,92 €/kg "
1342,"Hapukoor 30%, TERE, 330 g","1,49 €  4,52 €/kg "
1343,"Kohupiimakreem shokolaaditükkidega, NOPRI, 200 g","1,09 €  5,45 €/kg "
1344,"Taimne rasvavõie 70% soolane, KEIJU, 400 g","1,59 €  3,98 €/kg "
1345,"Toorjuust, PIIMAMEISTER OTTO, 400 g","2,59 €  6,48 €/kg "
1346,"Keefir täispiimast 3,8-4,2%, FARMI, 1 kg","1,19 €  1,19 €/kg "
1347,"Proteiinipuding Fit kakao, TERE, 150 g","0,99 €  6,60 €/kg "
1348,"Sulajuust, SELVER, 150 g","0,59 €  3,93 €/kg "
1349,"Sulatatud juust röstitud kanaga, MEREVAIK, 200 g","1,59 €  7,95 €/kg "
1350,"Fit proteiini puding soolakaramelli 150 g, FIT","0,99 €  6,60 €/l "
1351,"Kohupiim vanillimaitseline, PIIMAMEISTER OTTO, 200 g","0,59 €  2,95 €/kg "
1352,"Kohvikoor plokis 10%, ZOTT, 10x10 g","0,49 €  4,90 €/kg "
1353,"Margariin vähendatud rasvasisaldusega 60%, VOIMIX, 400 g","1,29 €  3,23 €/kg "
1354,"Kohupiimakreem banaani, EMMA, 150 g","0,85 €  5,67 €/kg "
1355,"Sulatatud juust, HIIRTE JUUST, 200 g","1,19 €  5,95 €/kg "
1356,"Jogurt virsiku-banaani 2%, SELVER, 1 kg","1,29 €  1,29 €/kg "
1357,"Fit glasuurkohuke kakao magusainetega, FIT, 43 g","0,45 €  10,47 €/kg "
1358,"Kinder ChocoFresh T2, KINDER, 41 g","1,09 €  26,59 €/kg "
1359,"Skyr põldmarjadega, FARMI, 150 g","0,89 €  5,93 €/kg "
1360,"Skyr virsikutega, FARMI, 150g","0,89 €  5,93 €/kg "
1361,"Kohupiimakreem rosinatega, EMMA, 150 g","0,85 €  5,67 €/kg "
1362,"Koorene vaniljepuding 4,9%, FARMI, 230 g","0,99 €  4,30 €/kg "
1363,"Keefir 1%, väherasvane, HELLUS, 1 kg","0,99 €  0,99 €/kg "
1364,"Sulatatud juust krevetiga, MEREVAIK, 200 g","1,59 €  7,95 €/kg "
1365,"Kohupiimakreem crème brulée maitseline, ALMA, 150 g","0,79 €  5,27 €/kg "
1366,"Vahustatav kaerajook Barista Edition, OATLY, 1 l","2,99 €  2,99 €/l "
1367,"Piimatäidisega biskviitkook piimašokolaadis, VALIO DELISH, 34 g","0,59 €  17,35 €/kg "
1368,"Kohupiimakreem jõhvikakisselliga, TERE, 150 g","0,79 €  5,27 €/kg "
1369,"Koorene šokolaadi puding, FARMI, 230 g","0,99 €  4,30 €/kg "
1370,"Joogijogurt mango, ALMA, 900 g","1,39 €  1,54 €/kg "
1371,"Kodujuust mädarõikaga, TERE, 300 g","1,49 €  4,97 €/kg "
1372,"Jogurtijook banaani-maasika, VALIO GEFILUS, 4x100g","1,49 €  3,73 €/kg "
1373,"Suured munad L6, EGGO, 6 tk, valged munad","1,15 €  0,19 €/tk "
1374,"Eesti või 82%, E-PIIM, 250 g","2,69 €  10,76 €/kg "
1375,"Laktoosivaba kreeka jogurt vaarikamoosi ja jõhvikamüsliga, TERE, 150 g","0,99 €  6,60 €/kg "
1376,"Vutimunad, JÄRVEOTSA, 12 tk","2,19 €  0,18 €/tk "
1377,"Metsamarja jogurt kiles, SELVER, 1 kg","1,09 €  1,09 €/kg "
1378,"Biskviitkook Kinder Milk Slice, KINDER, 28 g","0,55 €  19,64 €/kg "
1379,"Maitsestamata jogurt, VALIO GEFILUS, 1 kg","1,49 €  1,49 €/kg "
1380,"Kiivimaitseline tarretis, FARMI, 150 g","0,39 €  2,60 €/kg "
1381,"Mango-jogurtikreem 5%, SAARE, 400 g","1,19 €  2,98 €/kg "
1382,"Kodujuust klassikaline, PIIMAMEISTER OTTO, 220 g","0,99 €  4,50 €/kg "
1383,"Jogurt metsmaasika 2%, ALMA, 1 kg","1,69 €  1,69 €/kg "
1384,"Kanamunad M6, MUNALIISA, 6 tk","0,99 €  0,17 €/tk "
1385,"Keefir maasika-banaani, VALIO GEFILUS, 1 kg","1,59 €  1,59 €/kg "
1386,"Sulatatud juust maitserohelisega, HIIRTE JUUST, 200 g","0,99 €  4,95 €/kg "
1387,"Koorene jogurt kirssidega, FARMI, 400 g","1,29 €  3,23 €/kg "
1388,"Täispiimajogurt murel, ALMA, 350 g","0,99 €  2,83 €/kg "
1389,"Keefir metsmaasika, VALIO GEFILUS, 300 g","0,89 €  2,97 €/kg "
1390,"Kodujuust crème brûlée maitseline, ALMA, 200 g","1,39 €  6,95 €/kg "
1391,"Rjazenka pure, FARMI, 750 ml","1,19 €  1,59 €/l "
1392,"Kohupiimakreem kirsi-maasika, ALMA, 150 g","0,79 €  5,27 €/kg "
1393,"Rohke koorega kodujuust, FARMI, 330 g","1,39 €  4,21 €/kg "
1394,"Jogurtismuuti Alma maasika-mustika-vaarika, ALMA, 275 g","0,99 €  3,60 €/kg "
1395,"Kodujuust hapukoorega, ALMA, 380 g","1,69 €  4,45 €/kg "
1396,"Või Eesti 82%, ALMA, 200 g","1,99 €  9,95 €/kg "
1397,"Koorene jogurt maasikatega, FARMI, 400 g","1,29 €  3,23 €/kg "
1398,"Monte šokolaadipuding, ZOTT, 55 g","0,39 €  7,09 €/kg "
1399,"Jogurtijook metsamarja, ACTIMEL, 8x100 g","3,39 €  4,24 €/kg "
1400,"Taimne rasvavõie Keiju 50%, 400 g KEIU","1,49 €  3,73 €/kg "
1401,"Täispiimajogurt põldmarja, ALMA, 350 g","0,99 €  2,83 €/kg "
1402,"Koorene kohupiimakreem mustade kirssidega, FARMI, 150 g","0,85 €  5,67 €/kg "
1403,"Hapupiimajook Haps marja, HELLUS, 1 kg","1,39 €  1,39 €/kg "
1404,"Jogurt metsamarja, 3-me bakteriga, HELLUS, 350 g","0,99 €  2,83 €/kg "
1405,"Hapupiimajook Haps vaarika, HELLUS, 1 kg","1,39 €  1,39 €/kg "
1406,"Laktoosivaba kreeka jogurt mustikamoosi ja jõhvikamüsliga, TERE, 150 g","0,99 €  6,60 €/kg "
1407,"Jogurt leiva-pähkli, FARMI, 400 g","1,29 €  3,23 €/kg "
1408,"Jogurtimaius mango, ALMA, 200 g","0,99 €  4,95 €/kg "
1409,"Köögi toorjuust, FARMI, 400 g","2,99 €  7,48 €/kg "
1410,"AB-jogurt mustika Laktoosivaba, TERE, 150 g","0,59 €  3,93 €/kg "
1411,"Toorjuust, FARMI, 150 g","1,69 €  11,27 €/kg "
1412,"Sulatatud juust kukeseentega, MEREVAIK, 200 g","1,59 €  7,95 €/kg "
1413,"Kohupiimakreem brownie, ALMA, 380 g","1,49 €  3,92 €/kg "
1414,"Kinder Maxi King, KINDER, 3x35 g","1,99 €  18,95 €/kg "
1415,"AB-jogurt banaani Laktoosivaba, TERE, 150 g","0,59 €  3,93 €/kg "
1416,"Jogurtimaius maasika, ALMA, 200 g","0,99 €  4,95 €/kg "
1417,"Koorekreem karamelli, KARUMS, 150 g","0,85 €  5,67 €/kg "
1418,"Keefir 2,5%, VALIO GEFILUS, 1,5 kg","1,39 €  0,93 €/tk "
1419,"Jogurtismuuti banaani-maasika-kiivi, ALMA, 275 g","0,99 €  3,60 €/kg "
1420,"Kohupiimakreem mustikatega 4%, Emma, 150 g","0,85 €  5,67 €/kg "
1421,"Keefir laktoosivaba, HELLUS, 1 kg","1,49 €  1,49 €/kg "
1422,"Maitsestamata jogurt, FARMI, 1 kg","1,79 €  1,79 €/kg "
1423,"Keefir metsmaasika, VALIO GEFILUS, 1 kg","1,59 €  1,59 €/kg "
1424,"Jogurt maasika, ACTIVIA, 4x120 g","1,99 €  3,98 €/kg "
1425,"Šokolaadipuding Liegeois, ZOTT, 175 g","0,55 €  3,14 €/kg "
1426,"Kreeka jogurt punase apelsini, PARADIIS, 350 g","1,39 €  3,97 €/kg "
1427,"Koorene jogurt virsikutega, FARMI, 400 g","1,29 €  3,23 €/kg "
1428,"Jogurtine toorpuder vaarikate ja chia seemnetega, FARMI, 175 g","0,95 €  5,43 €/kg "
1429,"Mo Saaremaa või küüslaugu ja soolakristallidega, SAAREMAA, 150 g","1,99 €  13,27 €/kg "
1430,"Kodujuust tomati, paprika ja tšilliga, ALMA, 200 g","1,29 €  6,45 €/kg "
1431,"Proteiinikohupiimakreem vaarika, VALIO PROFEEL, 200 g","0,99 €  4,95 €/kg "
1432,"Mustikajogurt 2%, VALIO GEFILUS, 380 g","1,19 €  3,13 €/kg "
1433,"Kakao kohupiim, SAIDA FARM, 200 g","0,99 €  4,95 €/kg "
1434,"Jogurt mango-banaani-chia, 380g, VALIO GEFILUS","1,19 €  3,13 €/kg "
1435,"Kohupiimakreem kreeka vaarika pavlova, 380g ,ALMA","1,49 €  3,92 €/kg "
1436,"Harilik kohupiim, SAIDA FARM, 500 g","1,99 €  3,98 €/kg "
1437,"Jogurt kirsi-ploomi, HELLUS, 350 g","0,99 €  2,83 €/kg "
1438,"Ahjuõuna jogurtikreem 5%, SAARE, 400 g","1,19 €  2,98 €/kg "
1439,"Kreeka jogurt maitsestamata, TERE, 350 g","1,39 €  3,97 €/kg "
1440,"Kondenspiim karamelliga, JAANI, 190 g","0,99 €  5,21 €/kg "
1441,"Piimatäidisega biskviitkook piimašokolaadis, kookose, VALIO DELISH, 34 g","0,59 €  17,35 €/kg "
1442,"Joogijogurt banaani-maasika 1,5%, ALMA, 1 kg","1,25 €  1,25 €/kg "
1443,"Või koduaia ürtidega, SAAREMAA, 150 g","1,99 €  13,27 €/kg "
1444,"Rasvasegu võie Võideks, MUMUU, 400 g","3,79 €  9,48 €/kg "
1445,"Koorene jogurt mustikatega, FARMI, 1 kg","2,39 €  2,39 €/kg "
1446,"Maasikamaitseline jogurt, SELVER, 1 kg","1,09 €  1,09 €/kg "
1447,"Vaarikajogurt Light, ALMA, 125 g","0,55 €  4,40 €/kg "
1448,"Kodujuust rasvata, ALMA, 200 g","1,09 €  5,45 €/kg "
1449,"Kohupiimakreem rosina-vanilli 4%, ALMA, 380 g","1,49 €  3,92 €/kg "
1450,"Jogurtijook maasika, ACTIMEL, 4x100 g","1,89 €  4,73 €/kg "
1451,"Koorekreem kakao, KARUMS, 150 g","0,85 €  5,67 €/kg "
1452,"Kohupiimakreem kreeka maasika-passionivilja, 380g, ALMA","1,49 €  3,92 €/kg "
1453,"Kreemjogurt šokolaadipallidega, FANTASIA, 100 g","0,59 €  5,90 €/kg "
1454,"Jogurt kirsi, ACTIVIA, 4x120 g","1,99 €  3,98 €/kg "
1455,"Jogurtine toorpuder mustikate ja chia seemnetega, FARMI, 175 g","0,95 €  5,43 €/kg "
1456,"Koorene jogurt mustikatega, FARMI, 400 g","1,29 €  3,23 €/kg "
1457,"Jogurtijook banaanimaitseline maasika 8-pakk, VALIO GEFILUS, 800 g","2,79 €  3,49 €/kg "
1458,"Koorekreem vanilli, KARUMS, 150 g","0,85 €  5,67 €/kg "
1459,"Õrrekanade munad valged, 10tk","2,29 €  0,23 €/tk "
1460,"Piim kõrgpastöriseeritud, MLEKOVITA, 500 g","0,89 €  1,78 €/kg "
1461,"Kreeka jogurt papaia-passioni, PARADIIS, 350 g","1,39 €  3,97 €/kg "
1462,"Rasvasegu võie Võideks light, MUMUU, 200 g","0,99 €  4,95 €/kg "
1463,"Maitsestamata jogurt laktoosivaba, TERE, 380 g","1,19 €  3,13 €/kg "
1464,"Koorejogurt Muah crème brulée maitseline 6,5%, ALMA, 380 g","1,29 €  3,39 €/kg "
1465,"Vaarikakohupiimakreem, NOPRI, 100 g","0,79 €  7,90 €/kg "
1466,"AB-skyri joogijogurt vaarika-granaatõuna, FARMI, 1 kg","1,89 €  1,89 €/kg "
1467,"Jogurtijook metsamarja, VALIO GEFILUS, 4x100g","1,49 €  3,73 €/kg "
1468,"Taimne rasvavõie 70% laktoosivaba, KEIJU, 400 g","1,79 €  4,48 €/kg "
1469,"Jogurtine toorpuder kookose ja chia seemnetega, FARMI, 175 g","0,95 €  5,43 €/kg "
1470,"Proteiinijogurt ahjuõuna, VALIO PROFEEL, 200 g","0,99 €  4,95 €/kg "
1471,"Jogurtijook granaatõuna-mustika-maca, ACTIMEL, 4 x 100 g","1,89 €  4,73 €/kg "
1472,"Hapukoor Smetana 30%, SAARE, 150 g","0,99 €  6,60 €/kg "
1473,"Sulatatud juust suitsujuustuga, HIIRTE JUUST, 200 g","1,19 €  5,95 €/kg "
1474,"Vaniljejogurt kommidega, DANONE, 125 g","0,69 €  5,52 €/kg "
1475,"Pingui Cherry, KINDER, 30 g","0,59 €  19,67 €/kg "
1476,"Jogurt mango ja chia seemnetega, HELLUS, 350 g","0,99 €  2,83 €/kg "
1477,"Jogurt Polka Maasikatega vitamiinidega, FARMI, 1 kg","1,89 €  1,89 €/kg "
1478,"Koorejogurt Muah aedmaasikas õhulise biskviidiga, ALMA, 380 g","1,29 €  3,39 €/kg "
1479,"Koorejogurt Muah rukkileiva, ALMA, 380 g","1,29 €  3,39 €/kg "
1480,"Joogijogurt metsmaasika, TERE, 900 g","1,49 €  1,66 €/kg "
1481,"Kreeka jogurt metsmaasika, ALMA, 370 g","1,39 €  3,76 €/kg "
1482,"Proteiinijogurt maasika, VALIO PROFEEL, 200 g","0,99 €  4,95 €/kg "
1483,"Jogurtijook maasika, ACTIMEL, 8x100 g","3,39 €  4,24 €/kg "
1484,"Koorene jogurt kirssidega, FARMI, 1 kg","2,39 €  2,39 €/kg "
1485,"Metsmaasika-mascarpone AB-joogiskyr, FARMI, 750 g","1,35 €  1,80 €/kg "
1486,"Kohupiimakreem maasika- banaani, ALMA, 150 g","0,79 €  5,27 €/kg "
1487,"Laktoosivaba vahukoor UHT 38%, VALIO, 1 l","4,99 €  4,99 €/kg "
1488,"Joogijogurt maasika-kiivi, ACTIVIA, 300 g","0,99 €  3,30 €/kg "
1489,"Creme Brulee Klassikaline, JOEL OSTRAT, 125 g","2,19 €  17,52 €/kg "
1490,"AB hapupiim D-vitamiiniga 1%, TERE, 1 kg","0,99 €  0,99 €/kg "
1491,"Ürdivõie, ALMA, 100 g","1,29 €  12,90 €/kg "
1492,"AB-joogiskyr, FARMI, 750 g","1,35 €  1,80 €/kg "
1493,"Toorjuust murulauguga, FARMI, 150 g","1,69 €  11,27 €/kg "
1494,"Toorjuust Light murulauguga, PHILADELPHIA, 200 g","2,29 €  11,45 €/kg "
1495,"Toorjuust mädarõikaga, MIREE, 150 g","1,59 €  10,60 €/kg "
1496,"Proteiinijogurt creme brulee, VALIO PROFEEL, 200 g","0,99 €  4,95 €/kg "
1497,"Rosina kohupiim, SAIDA FARM, 500 g","2,29 €  4,58 €/kg "
1498,"Joogijogurt mango-ananassi-linaseemnetega, ACTIVIA, 280 g","0,99 €  3,54 €/kg "
1499,"Jogurtijook kreeka mango-maasika, ALMA, 275 g","0,89 €  3,24 €/kg "
1500,"Margariin küpsetamiseks 80%, VILMA, 500 g","1,59 €  3,18 €/kg "
1501,"Kreeka jogurt mustika, ALMA, 370 g","1,39 €  3,76 €/kg "
1502,"Rosina kohupiim, SAIDA FARM, 200 g","0,99 €  4,95 €/kg "
1503,"Jogurtismuuti maasika-virsiku-chia, ALMA, 275 g","0,99 €  3,60 €/kg "
1504,"Piimakissell 2,2%, TERE, 1 kg","1,59 €  1,59 €/kg "
1505,"AB Skyr mango-passion, FARMI, 1 kg","1,89 €  1,89 €/kg "
1506,"Toorjuustukreem šokolaadiga, PHILADELPHIA, 175 g","2,29 €  13,09 €/kg "
1507,"Kondenspiim suhkru ja kakaoga, JAANI, 250 g","1,79 €  7,16 €/kg "
1508,"Toorjuust küüslaugu ja ürtidega, PHILADELPHIA, 200 g","2,29 €  11,45 €/kg "
1509,"Kaerajook, OATLY, 1 l","2,99 €  2,99 €/l "
1510,"Toorjuust küüslauguga, FARMI, 150 g","1,69 €  11,27 €/kg "
1511,"Munavalgemass, EVA, 500g","1,49 €  2,98 €/kg "
1512,"Mascarpone puding karamelli ja meresoolaga, GOURMET CLUB, 175 g","1,79 €  10,23 €/kg "
1513,"Proteiinijogurtijook metsamarja, VALIO PROFEEL, 275 g","1,49 €  5,42 €/kg "
1514,"Joogijogurt vaarika-granaatõuna, ACTIVIA, 300 g","0,99 €  3,30 €/kg "
1515,"Jogurt pohla-mustika müsliga, HELLUS, 350 g","0,99 €  2,83 €/kg "
1516,"Küpsetusmargariin 72%, EVESOL, 500 g","1,69 €  3,38 €/kg "
1517,"Keefir metsamarja,Valio Gefilus, 300 g","0,89 €  2,97 €/kg "
1518,"Jogurtijook metsamarja, ACTIMEL, 4x100 g","1,89 €  4,73 €/kg "
1519,"Koorejogurt Muah kirsi-panna cotta maitseline, 380g, ALMA","1,29 €  3,39 €/kg "
1520,"Kohvijook Frezza Vanilla, PAULIG, 250 ml","1,99 € 7,96 €/l "
1521,"Sulatatud juust suitsulõhega, MEREVAIK, 200 g","1,59 €  7,95 €/kg "
1522,"Mahe kaerajook, OATLY, 1 l","2,99 €  2,99 €/l "
1523,"Muraka jogurt 2% vitamiinidega, FARMI, 1 kg","2,09 €  2,09 €/kg "
1524,"Jogurt Jogobella light, ZOTT, 150 g","0,45 €  3,00 €/kg "
1525,"Saaremaa vöi karulauguga, GOURMET CLUB, 150 g","2,59 €  17,27 €/kg "
1526,"Maasika-rabarberikissell, LARGO, 1 kg","2,29 €  2,29 €/kg "
1527,"Mascarpone puding Morello kirsilisandiga, GOURMET CLUB, 175 g","1,79 €  10,23 €/kg "
1528,"Proteiinijogurtijook troopiline, VALIO PROFEEL, 275 g","1,49 €  5,42 €/kg "
1529,"Paulig Frezza Mint, PAULIG, 250 ml","1,99 € 7,96 €/l "
1530,"Kohupiimakreem kreeka mustika, ALMA, 150 g","0,79 €  5,27 €/kg "
1531,"Kreemjogurt kirsilisandiga, FANTASIA, 122 g","0,59 €  4,84 €/kg "
1532,"Margariin 60%, OPTIMA CARDIO, 225 g","2,89 €  12,84 €/kg "
1533,"Puuvilja jogurtijook, ACTIMEL, 4x100 g","1,89 €  4,73 €/kg "
1534,"Voimix Soolane 60%, VOIMIX, 400 g","1,39 €  3,48 €/kg "
1535,"Kohupiimakreem astelpajumoosiga, SAIDA FARM, 200 g","1,19 €  5,95 €/kg "
1536,"Kitsepiim 2,5% UHT, DANMIS, 500 ml","1,59 €  3,18 €/l "
1537,"Margariin Camelina vähendatud rasvasisaldusega 60%, KEIJU, 400 g","1,69 €  4,23 €/kg "
1538,"Proteiinijogurtijook mustika, VALIO PROFEEL, 275 g","1,49 €  5,42 €/kg "
1539,"Karamellikissell, TERE, 1 kg","1,59 €  1,59 €/kg "
1540,"Kohvijook Frezza Caramel Popcorn, PAULIG, 250 ml","1,99 € 7,96 €/l "
1541,"Toorjuust Gorgonzola, MIREE, 150 g","1,59 €  10,60 €/kg "
1542,"Kohupiimakreem mustsõstramoosiga, SAIDA FARM, 200 g","1,19 €  5,95 €/kg "
1543,"Pannkoogitaigen, EVA, 1kg","2,99 €  2,99 €/kg "
1544,"Rasvasegu võie Võideks, TERE, 200 g","1,99 €  9,95 €/kg "
1545,"Koorevõi 82%, FARMI, 150 g","1,29 €  8,60 €/kg "
1546,"Joogijogurt pistaatsia, TERE, 900 g","1,49 €  1,66 €/kg "
1547,"Mustika-maasikasmuuti, NOPRI & JOEL OSTRAT, 300 g","1,19 €  3,97 €/kg "
1548,"Šokolaadi kaerajook, OATLY, 1 l","2,99 €  2,99 €/l "
1549,"Toorjuust Mascarpone, EUROSER, 500 g","4,99 €  9,98 €/kg "
1550,"Piim UHT 3,8%, MINUS L, 1 l","1,99 €  1,99 €/l "
1551,"Margariin Voimix soolane 60%, VOIMIX, 250 g","0,99 €  3,96 €/kg "
1552,"Kookosrasv, COCOS, 500 g","4,99 €  9,98 €/kg "
1553,"Küpsetusmargariin 72%, EVESOL, 250 g","0,99 €  3,96 €/kg "
1554,"Searasv, LEMMIK, 200 g","0,99 €  4,95 €/kg "
1555,"Toorjuust kitsepiimast, MERCI CHEF, 140 g","2,49 €  17,79 €/kg "
1556,"Kookoskreem, PLANTON, 200 g","1,99 €  9,95 €/kg "
1557,"Kreemjogurt kookospallidega, FANTASIA, 98 g","0,69 €  7,04 €/kg "
1558,"Kodujuust Profeel, VALIO, 200 g","1,19 €  5,95 €/kg "
1559,"Jogurt maasikalisandiga, FANTASIA, 122 g","0,59 €  4,84 €/kg "
1560,"Kohvijook cappuccino, SAARE, 220 ml","1,29 €  5,86 €/l "
1561,"Šokolaadipuding, MÖVENPICK, 150 g","1,19 €  7,93 €/kg "
1562,"Kookosjogurt Ananass- Mango, PLANTON, 160 g","1,59 €  9,94 €/kg "
1563,"Kookosjogurt mango alphonso BIO, VEGUP, 140 g","1,69 €  12,07 €/kg "
1564,"Kakaojook, SAARE, 220 ml","1,29 €  5,86 €/kg "
1565,"Määrdejuust Lepasuitsu, E-PIIM, 180 g","1,29 €  7,17 €/kg "
1566,"Sulatatud juust suitsusingiga, HIIRTE JUUST, 200 g","1,19 €  5,95 €/kg "
1567,"Kookosjogurt mustika ja mustsõstra BIO, VEGUP, 140 g","1,69 €  12,07 €/kg "
1568,"Kookosjogurt Mustikas, PLANTON, 160 g","1,59 €  9,94 €/kg "
1569,"Võileivamaitseline margariin 20%, DELMA, 500 g","1,19 €  2,38 €/kg "
1570,"Kookosjook maasika ja banaaniga, PLANTON, 200 g","1,59 €  7,95 €/kg "
1571,"Barista mandlijook, ALPRO, 1 l","2,79 €  2,79 €/l "
1572,"Või pühvlipiimast, FATTORIE GAROFALO, 125 g","1,59 €  12,72 €/kg "
1573,"Hanerasv, BESPOKE, 295 g","4,59 €  14,34 €/kg "
1574,"Pardirasv, BESPOKE, 295 g","4,59 €  14,34 €/kg "
1575,"Vormiõli sprei, laktoosivaba, KEIJU, 400 ml","3,49 €  8,73 €/l "
1576,"Kodujuust 5%, ALMA, 500 g","1,99 €  3,98 €/kg "
1577,"Köögikaste, ALPRO, 250 ml","1,49 €  5,96 €/l "
1578,"Vanilli sojajook, ALPRO, 1 l","2,49 €  2,49 €/l "
1579,"Šokolaadi sojajook, ALPRO, 250 ml","0,99 €  3,96 €/l "
1580,"Sojajook banaanimaitseline, ALPRO, 250 ml","0,99 €  3,96 €/l "
1581,"Vanilli sojajook, ALPRO, 250 ml","0,99 €  3,96 €/l "
1582,"Šokolaadi maitseline dessert kaltsiumiga, ALPRO, 125 g","0,79 €  6,32 €/kg "
1583,"Vanilli maitseline dessert kaltsiumiga, ALPRO, 125 g","0,79 €  6,32 €/kg "
1584,"Tumeda šokolaadi maitseline sojadessert, ALPRO, 125 g","0,79 €  6,32 €/kg "
1585,"Mandlijook, ALPRO, 1 l","2,99 €  2,99 €/l "
1586,"Sojajook kaltsiumiga, ALPRO, 1 l","1,99 €  1,99 €/l "
1587,"Sojajook ilma suhkru ja soolata, ALPRO, 1 l","1,99 €  1,99 €/l "
1588,"Mandlijook, ALPRO, 250 ml","0,99 €  3,96 €/l "
1589,"Mandlijook magustamata, ALPRO, 1 l","2,99 €  2,99 €/l "
1590,"Kookosejook riisiga, ALPRO, 1 l","2,99 €  2,99 €/l "
1591,"Sojajook šokolaadimaitseline, ALPRO, 1 l","2,49 €  2,49 €/l "
1592,"Kookosjook mandliga, ALPRO, 1 l","2,99 €  2,99 €/l "
1593,"India pähkli jook, ALPRO, 1 l","2,99 €  2,99 €/l "
1594,"Kaerajook mandliga, ALPRO, 1 l","2,99 €  2,99 €/l "
1595,"Kaerajook, ALPRO, 1 l","1,99 €  1,99 €/l "
1596,"Mandlijook, magustamata, röstimata mandlitega, ALPRO, 1 l","2,99 €  2,99 €/l "
1597,"Kookosjook šokolaadimaitseline, ALPRO, 1 l","2,99 €  2,99 €/l "
1598,"Soolane poolrasvane margariin 39%, DELMA, 500 g","1,39 €  2,78 €/kg "
1599,"Võimaitseline margariin 80%, DELMA, 500 g","1,39 €  2,78 €/kg "
1600,"Munavalged õrrekanade munadest, WHITEPRO, 1 kg","4,79 €  4,79 €/kg "
1601,"Petimaius maasika-vanilje, FARMI, 150 g","0,69 €  4,60 €/kg "
1602,"Petimaius mango-aprikoosi, FARMI, 150 g","0,69 €  4,60 €/kg "
1603,"Petimaius mustsõstra-vaarika, FARMI, 150 g","0,69 €  4,60 €/kg "
1604,"Köögikoor 15%, FARMI, 400 g","0,99 €  2,48 €/kg "
1605,"Köögikohupiimapasta rasvata, FARMI, 400 g","1,59 €  3,98 €/kg "
1606,"Kitsepiim pastöriseerimata, ANDRI-PEEDO, 1 l","2,99 €  2,99 €/l "
1607,"Hapendatud pett 1,5%, MO SAAREMAA, 1 kg","0,89 €  0,89 €/kg "
1608,"Jogurtijook Vita+ metsmaasika laktoosivaba 4x100g, ALMA, 400g","1,49 €  3,73 €/kg "
1609,"Jogurtijook Vita+ troopiline laktoosivaba 4x100g, ALMA, 400g","1,49 €  3,73 €/kg "
1610,"Proteiinijogurt mustasõstra, VALIO PROFEEL, 200g","0,99 €  4,95 €/kg "
1611,"Kohupiimakreem kreeka õunte ja kaneeliga, ALMA, 380g","1,49 €  3,92 €/kg "
1612,"Pehme kohupiim rasvatu lakt.vaba, MO SAAREMAA, 500g","1,89 €  3,78 €/kg "
1613,"Betti petijogurt maasika, MO SAAREMAA, 200g","0,89 €  4,45 €/kg "
1614,"Betti petijogurt kooreiirise, MO SAAREMAA, 200g","0,89 €  4,45 €/kg "
1615,"Täispiim 3,8-4,2%, MO SAAREMAA, 1l","0,79 €  0,79 €/l "
1616,"Taimne jook herneproteiiniga, originaal, VLY, 1l","3,99 €  3,99 €/l "
1617,"Taimne jook herneproteiiniga, magustamata, VLY, 1l","3,99 €  3,99 €/l "
1618,"Taimne jook herneproteiiniga, barista, VLY, 1l","3,99 €  3,99 €/l "
1619,"Laktoosivaba kohupiimakreem vaarikatega, EMMA, 150g","0,85 €  5,67 €/kg "
1620,"Kohuke kondenspiimatäidisega piimašokolaadiglasuuris, EMMA, 40g","0,49 €  12,25 €/kg "
1621,"Maitsestamata mahejogurt täispiimast mustikalisandiga, SAARE ÖKO, 150g","0,89 €  5,93 €/kg "
1622,"Maitsestamata mahejogurt täispiimast rabarberilisandiga, SAARE ÖKO, 150g","0,89 €  5,93 €/kg "
1623,"Maitsestamata mahejogurt täispiimast maasikalisandiga, SAARE ÖKO, 150g","0,89 €  5,93 €/kg "
1624,"Hapukoor 20%, FARMI, 500g","1,49 €  2,98 €/kg "
1625,"Joogijogurt Harmoonia maasika-pohla laktoosivaba, GEFILUS, 1l","1,49 €  1,49 €/l "
1626,"Joogijogurt Energia apelsini-porgandi laktoosivaba, GEFILUS, 1l","1,49 €  1,49 €/l "
1627,"Kaerajook, TERE, 1l","1,89 €  1,89 €/l "
1628,"Tatrajook, klassikaline, NEMOLOKO, 1l","2,29 €  2,29 €/l "
1629,"Kaerajook rasvasusega 12%, NEMOLOKO, 250ml","1,19 €  4,76 €/l "
1630,"Kaera-vanilli magustoit, NEMOLOKO, 250ml","1,19 €  4,76 €/l "
1631,"Kaeramagustoit mustsõstra ja vaarikaga, NEMOLOKO, 250ml","1,19 €  4,76 €/l "
1632,"Kaera-puuviljajook “Eksootika”, NEMOLOKO, 250ml","1,19 €  4,76 €/l "
1633,"Kaeramagustoit banaaniga, NEMOLOKO, 250ml","1,19 €  4,76 €/l "
1634,"Täispiimajogurt ahjuõuna, ALMA, 350g","0,99 €  2,83 €/kg "
1635,"Joogijogurt greibi-füüsali, TERE, 900 g","1,49 €  1,66 €/kg "
1636,"Täispiim šokolaadiga, MO SAAREMAA, 500ml","0,99 €  1,98 €/l "
1637,"Barista sojajook, ALPRO, 1 l","2,49 €  2,49 €/l "
1638,"Barista kaerajook, ALPRO, 1 l","2,59 €  2,59 €/l "
1639,"Kaerajook kaltsiumi ja vitamiinidega, magustamata, ALPRO, 1 l","2,49 €  2,49 €/l "
1640,"Kakaopuding, SELVERI KÖÖK, 150 g","0,59 €  3,93 €/kg "
1641,"Karamellipuding, SELVERI KÖÖK, 150 g","0,59 €  3,93 €/kg "
1642,"Vanillipuding, SELVERI KÖÖK, 150 g","0,59 €  3,93 €/kg "
1643,"Kaerajook kohvimaitseline, NEMOLOKO, 250ml","1,19 €  4,76 €/l "
1644,"Mannapõhine magustoit, erinevad maitsed, EHRMANN, 115g","0,99 €  8,61 €/kg "
1645,"Magustoit kodujuustuga, erinevad maitsed, EHRMANN, 90 g","1,19 €  13,22 €/kg "
1646,"Jogurt, erinevad maitsed, EHRMANN, 150g","0,99 €  6,60 €/kg "
1647,"Almighurt jogurt, erinevad maitsed, EHRMANN, 100 g","0,79 €  7,90 €/kg "
1648,"Puding toffee, EHRMANN, 190g","1,19 €  6,26 €/kg "
1649,"Puding šokolaadi kakao-kreemiga, EHRMANN, 190g","1,19 €  6,26 €/kg "
1650,"Puding karamellimaitseline proteiiniga, EHRMANN, 200g","1,99 €  9,95 €/kg "
1651,"Puding shokolaadimaitseline proteiiniga, EHRMANN, 200g","1,99 €  9,95 €/kg "
1652,"Vanillimaitseline magustoit,erinevad maitsed, EHRMANN, 115 g","0,99 €  8,61 €/kg "
1653,"Magustoit kodujuustu ja jogurtiga, erinevad maitsed, EHRMANN, 150g","1,09 €  7,27 €/kg "
1654,"Jogurtine magustoit koogitükkidega, erinevad maitsed, EHRMANN, 150 g","0,99 €  6,60 €/kg "
1655,"Kookospiimast hapendatud vegantoode maitsestamata, COCODELI, 150g","1,29 €  8,60 €/kg "
1656,"Kookospiimast hapendatud vegantoode mango-passioni, COCODELI, 150g","1,29 €  8,60 €/kg "
1657,"Kookospiimast hapendatud vegantoode mustika, COCODELI, 150g","1,29 €  8,60 €/kg "
1658,"Õnnelike õrrekanade munad M, ÕNNELIKE ÕRREKANADE MUNAD, 10 tk","1,99 €  0,20 €/tk "
1659,"Õrrekanamunad L, ÕNNELIKE ÕRREKANADE MUNAD, 10 tk","2,29 €  0,23 €/tk "
1660,"Mahe kanamuna S, KIKERIKII ÖKOMUNA, 10tk","2,69 €  0,27 €/tk "
1661,"Kohuke suhkruvatimaitseline, KARUMS, 45g","0,39 €  8,67 €/kg "
1662,"Jogurtibatoon mango Belgia šokolaadiglasuuris, KARUMS, 38g","0,39 €  10,26 €/kg "
1663,"Jogurtibatoon maasika Belgia šokolaadiglasuuris, KARUMS, 38g","0,39 €  10,26 €/kg "
1664,"Ghee või, LACTEOUS, 160 g","4,99 €  31,19 €/kg "
1665,"Täispiim maasikatega, MO SAAREMAA, 500 ml","0,99 €  1,98 €/l "
1666,"Tere Piim 1,8%, TERE, 1,5 l","0,95 €  0,63 €/l "
1667,"Kaerajook matcha teega, NEMOLOKO, 250ml","1,19 €  4,76 €/l "
1668,"HULGI Kollased munad M10 2tk, EGGO, 2 x 10 tk","3,20 €  0,16 €/tk "
1669,"HULGI Või 82% 6tk, SELVER, 6 x 200g","8,40 €  7,00 €/kg "
1670,"HULGI Kaerajook 8tk, ALPRO, 8 x 1 l","14,00 €  1,75 €/l "
1671,"HULGI Sojajook kaltsiumiga 12tk, ALPRO, 12 x 1 l","20,40 €  1,70 €/l "
1672,"HULGI Sojajook ilma suhkru ja soolata 12tk, ALPRO, 12 x 1 L","20,40 €  1,70 €/l "
1673,"Prantsuse stiilis maitsestamata jogurt, FARMI, 150g","0,75 €  5,00 €/kg "
1674,"Prantsuse stiilis jogurt mango, FARMI, 150g","0,75 €  5,00 €/kg "
1675,"Prantsuse stiilis jogurt maasika, FARMI, 150g","0,75 €  5,00 €/kg "
1676,"Kiudainetega jogurt mango-spiruliina Laktoosivaba., HI!FIBER, 150 g","0,75 €  5,00 €/kg "
1677,"Kiudainetega jogurt virsiku-kurkumi Laktoosivaba., HI!FIBER, 150 g","0,75 €  5,00 €/kg "
1678,"Jogurt maitsestamata, kiudainetega. Laktoosivaba, HI!FIBER, 150 g","0,75 €  5,00 €/kg "
1679,"Hapukooreasendaja kaerast, FRIENDLY VIKING, 200g","1,89 €  9,45 €/kg "
1680,"Kaeravahepala maasika ja põldmarja, VALIO ODDLYGOOD, 150 g","0,79 €  5,27 €/kg "
1681,"Kaeravahepala vaarika ja mustika, VALIO ODDLYGOOD, 150 g","0,79 €  5,27 €/kg "
1682,"Proteiinipuding piimašokolaadimaitseline, VALIO PROFEEL, 150g","0,99 €  6,60 €/kg "
1683,"Proteiinipuding maasika-šokolaadimaitseline, VALIO PROFEEL, 150g","0,99 €  6,60 €/kg "
1684,"Proteiinipuding valge šokolaadi-pähklimaitseline, VALIO PROFEEL, 150g","0,99 €  6,60 €/kg "
1685,"Või 82%, VALIO VIOLA, 200g","1,99 €  9,95 €/kg "
1686,"Jogurtijoogi multipakk 8 x 100 g, HELLUS, 8 x 100 g","3,99 €  4,99 €/kg "
1687,"Pehme kohupiim 5%, MO SAAREMAA, 500 g","1,89 €  3,78 €/kg "
1688,"AB-jogurt maasika Laktoosivaba, TERE, 150g","0,59 €  3,93 €/kg "
1689,"Mahe kanamuna L, KIKERIKII ÖKOMUNAD, 10 tk","3,99 €  0,40 €/tk "
1690,"Eesti juust 25,2% viilutatud, TRADITSIOONILINE EESTI JUUST, 500 g","4,29 €  8,58 €/kg "
1691,"Eesti Juust viilutatud, TRADITSIOONILINE EESTI JUUST, 350g","1,99 €  5,69 €/kg "
1692,"Hiirte Juust viilutatud, ESTOVER, 350 g","3,29 €  9,40 €/kg "
1693,"Juust Atleet Originaal, VALIO, 500 g","2,79 €  5,58 €/kg "
1694,"Eesti juust 25,2% riivitud, TRADITSIOONILINE EESTI JUUST, 200 g","1,29 €  6,45 €/kg "
1695,"Juust riivitud, SAAREMAA, 200 g","1,49 €  7,45 €/kg "
1696,"Eesti Juust riivitud, ESTOVER, 400g","2,59 €  6,48 €/kg "
1697,"Sulatatud juust, VALIO VIOLA, 185 g","1,39 €  7,51 €/kg "
1698,"Viilujuust Atleet Originaal 26%, VALIO, 500 g","4,39 €  8,78 €/kg "
1699,"Vene juust 28,5% viilutatud, ESTOVER, 500 g","3,99 €  7,98 €/kg "
1700,"Juustupulgad, PIK-NIK, 140 g","2,79 €  19,93 €/kg "
1701,"Riivjuust Cheddar, VALIO, 200g","1,99 €  9,95 €/kg "
1702,"Hollandi Leibjuust viilutatud, SAAREMAA, 300 g","2,69 €  8,97 €/kg "
1703,"Riivjuust Atleet küpsetistele, VALIO, 200 g","1,79 €  8,95 €/kg "
1704,"Juust Forte Classico 26%, VALIO, 180 g","3,29 €  18,28 €/kg "
1705,"Viilujuust täispiimast, ALMA, 500 g","4,49 €  8,98 €/kg "
1706,"Viilujuust Royal Gouda Yellow, VALIO, 500 g","4,69 €  9,38 €/kg "
1707,"Eesti Juust täispiimast, viilutatud, TRADITSIOONILINE EESTI JUUST, 450 g","4,49 €  9,98 €/kg "
1708,"Hiirte juust 25,2% viilutatud, ESTOVER, 500 g","2,79 €  5,58 €/kg "
1709,"Mozzarella, PIIMAMEISTER OTTO, 250 g","1,99 €  7,96 €/kg "
1710,"Mozzarella Kirsid, PIIMAMEISTER OTTO, 125 g","1,49 €  11,92 €/kg "
1711,"Juust Fitaki, KÄSEREI, 200 g","1,99 €  9,95 €/kg "
1712,"Juust Edam 24% viilutatud, SAAREMAA, 500 g","3,99 €  7,98 €/kg "
1713,"Gouda juust viil, E-PIIM, 300g","2,59 €  8,63 €/kg "
1714,"Riivjuust Forte Classico 26%, VALIO, 80 g","1,49 €  18,63 €/kg "
1715,"Sinihallitusjuust, ROYAL BLUE, 100 g","1,69 €  16,90 €/kg "
1716,"Juustupulgad, PIK-NIK, 280 g","3,49 €  12,46 €/kg "
1717,"Suitsujuust 18%, TERE, 200 g","1,99 €  9,95 €/kg "
1718,"Juustu-küüslaugumääre, SELVERI KÖÖK, 130 g","1,39 €  10,69 €/kg "
1719,"Riivjuust Atleet pastale, VALIO, 200 g","1,79 €  8,95 €/kg "
1720,"Riivjuust Eesti, VALIO, 500 g","3,99 €  7,98 €/kg "
1721,"Eesti juust Light viilutatud, E-PIIM, 500 g","3,99 €  7,98 €/kg "
1722,"Toasty Hamburger viilud, ZOTT, 120 g","1,09 €  9,08 €/kg "
1723,"Viilujuust Royal Gouda Yellow, VALIO, 150 g","1,59 €  10,60 €/kg "
1724,"Mozzarella kirsid, PIIMAMEISTER OTTO, 250 g","1,99 €  7,96 €/kg "
1725,"Eesti juust 25,2% viilutatud, TRADITSIOONILINE EESTI JUUST, 200 g","1,99 €  9,95 €/kg "
1726,"Maasdam juust 28,3% viilutatud, ESTOVER, 150 g","1,99 €  13,27 €/kg "
1727,"Juust Saare, SAAREMAA, 500 g","3,69 €  7,38 €/kg "
1728,"Cheddar juust viilutatud, VALIO, 150 g","1,19 €  7,93 €/kg "
1729,"Hollandi Leibjuust 25,2% viilutatud, ESTOVER, 300 g","2,69 €  8,97 €/kg "
1730,"Sulatatud juust 200 g, Laktoosivaba, MEREVAIK","1,59 €  7,95 €/kg "
1731,"Toasty Sandwich viilud, ZOTT, 120 g","1,09 €  9,08 €/kg "
1732,"Öko Saaremaa mahejuust viilud, SAAREMAA, 150 g","1,99 €  13,27 €/kg "
1733,"Viilujuust Royal Gouda Red, VALIO, 150 g","1,59 €  10,60 €/kg "
1734,"Emmental juust 28,5% viilutatud, ESTOVER, 150 g","1,99 €  13,27 €/kg "
1735,"Mozzarella pühvlipiimast, VALCOLATTE, 125 g","2,19 €  17,52 €/kg "
1736,"Royal Gouda Red juust, VALIO, 250 g","2,59 €  10,36 €/kg "
1737,"Lapimaa juust, LAPIMAA JUUST, 220 g","2,99 €  13,59 €/kg "
1738,"Suitsutatud Kadaka riivjuust 26%, SAAREMAA, 200 g","1,49 €  7,45 €/kg "
1739,"Sinihallitusjuust Dorblu, KÄSEREI, 100 g","1,79 €  17,90 €/kg "
1740,"Royal Gouda Black juust, VALIO, 200 g","2,69 €  13,45 €/kg "
1741,"Juust Forte Speciale, VALIO, 180 g","3,79 €  21,06 €/kg "
1742,"Sini-valgehallitusjuust Bavaria Blu, BERGADER, 150 g","2,49 €  16,60 €/kg "
1743,"Vene juust 28,5% viilutatud, ESTOVER, 150 g","1,49 €  9,93 €/kg "
1744,"Mozzarella Zottarella light, ZOTT, 125 g","1,59 €  12,72 €/kg "
1745,"Kõva juust Synnove Itaallane, SYNNOVE, 150 g","2,59 €  17,27 €/kg "
1746,"Saare Leet juust viil, SAAREMAA, 500 g","3,99 €  7,98 €/kg "
1747,"Juust Special viilutatud, E-PIIM, 150 g","1,39 €  9,27 €/kg "
1748,"Juustulaastud Forte Classico 26%, VALIO, 100 g","1,79 €  17,90 €/kg "
1749,"Juust Atleet Originaal viil., VALIO, 150 g","1,49 €  9,93 €/kg "
1750,"Võileivamääre Karulaugupestoga, FARMI, 150 g","0,99 €  6,60 €/kg "
1751,"Sinihallitusjuust Bavaria Würzige, BERGADER, 175 g","2,69 €  15,37 €/kg "
1752,"Sinihallitusjuust, PALADIN, 100 g","1,49 €  14,90 €/kg "
1753,"Mozzarella Zottarella, ZOTT, 250 g","2,99 €  11,96 €/kg "
1754,"Mozzarella basiilikuga, ZOTT, 125 g","1,59 €  12,72 €/kg "
1755,"Juust Atleet Cheddar, VALIO, 250 g","2,49 €  9,96 €/kg "
1756,"Hollandi Leibjuust 25,2% viilutatud, ESTOVER, 150 g","1,59 €  10,60 €/kg "
1757,"Saaremaa Eesti juust viil, SAAREMAA, 500 g","3,99 €  7,98 €/kg "
1758,"Mozzarella, riivitud, GALBANI, 150 g","1,59 €  10,60 €/kg "
1759,"Juustupulgad lastele, PIK-NIK, 140 g","1,99 €  14,21 €/kg "
1760,"Juust Saare Light viil, SAAREMAA, 150 g","1,39 €  9,27 €/kg "
1761,"Juust Fitaki, KÄSEREI, 500 g","3,79 €  7,58 €/kg "
1762,"Emmentali tüüpi juust Finden Ost, SYNNOVE, 350 g","2,89 €  8,26 €/kg "
1763,"Kadaka sulatatud juust, SAAREMAA, 185 g","1,59 €  8,59 €/kg "
1764,"Eesti juust riivitud, E-PIIM, 250 g","1,89 €  7,56 €/kg "
1765,"Pizzariiv, SYNNOVE, 200 g","1,29 €  6,45 €/kg "
1766,"Brie valgehallitusjuust, PRESIDENT, 125 g","1,99 €  15,92 €/kg "
1767,"Võileivamääre Hapukurgi- Tilli, FARMI, 150 g","0,99 €  6,60 €/kg "
1768,"Mozzarella, VALCOLATTE, 100 g","1,19 €  11,90 €/kg "
1769,"Eesti juust light 15,7% viilutatud, TRADITSIOONILINE EESTI JUUST, 200 g","1,99 €  9,95 €/kg "
1770,"Kreemjuust kitsepiimast laktoosivaba, ROTKÄPPCHEN, 150 g","2,39 €  15,93 €/kg "
1771,"Pehme valge juust, ATHENA, 500 g","2,99 €  5,98 €/kg "
1772,"Baieri sini-valgehallitusjuust, COBURGER, 150 g","1,99 €  13,27 €/kg "
1773,"Määrdekreem maitsestamata, CREME BONJOUR, 200 g","1,99 €  9,95 €/kg "
1774,"Hiirte juust 25,2% viilutatud, ESTOVER, 200 g","2,09 €  10,45 €/kg "
1775,"Sinihallitusjuust Niva, MADETA, 110 g","1,19 €  10,82 €/kg "
1776,"Sulatatud juust Old Saare, SAAREMAA, 185 g","1,29 €  6,97 €/kg "
1777,"Juustukrõpsud Gouda, CHEESE POP, 65 g","2,49 €  38,31 €/kg "
1778," TRADITSIOONILINE EESTI JUUST, Eesti juust täispiimast 370 g","3,99 €  10,78 €/kg "
1779,"Toorjuust tomati ja basiilikuga, PIIMAMEISTER OTTO, 140 g","1,19 €  8,50 €/kg "
1780,"Sulatatud Juust kukeseentega, HIIRTE JUUST, 200g","1,19 €  5,95 €/kg "
1781,"Merevaik sulatatud juust tomatiga, MEREVAIK, 200 g","1,59 €  7,95 €/kg "
1782,"Royal Gouda Yellow juust, VALIO, 300 g","2,69 €  8,97 €/kg "
1783,"Juust Atleet Originaal, VALIO, 200 g","1,79 €  8,95 €/kg "
1784,"Sulatatud juust kukeseenemaitseline ürtidega, VALIO VIOLA, 185 g","1,39 €  7,51 €/kg "
1785,"Juust Atleet Light 15% viilut., VALIO, 150 g","1,49 €  9,93 €/kg "
1786,"Kõvajuust Džiugas 40%, DZIUGAS, 100 g","1,79 €  17,90 €/kg "
1787,"Suitsutatud Kadaka juust, SAAREMAA, 500 g","4,19 €  8,38 €/kg "
1788,"Sulatatud juust suitsukanaga, VALIO VIOLA, 185 g","1,39 €  7,51 €/kg "
1789,"Brie valgehallitusjuust kreeka pähklitega, PRESIDENT, 125 g","1,99 €  15,92 €/kg "
1790,"Määrdekreem röstitud paprikaga, CREME BONJOUR, 200 g","1,99 €  9,95 €/kg "
1791,"Sulatatud juust murulaugu-ürdi, VALIO VIOLA, 185 g","1,39 €  7,51 €/kg "
1792,"Pehme valge juust, ATHENA, 200 g","1,99 €  9,95 €/kg "
1793,"Sinihallitusjuust, GOLDEN MONARCH, 100 g","1,49 €  14,90 €/kg "
1794,"Toorjuust kurgi ja tilliga, PIIMAMEISTER OTTO, 140 g","1,19 €  8,50 €/kg "
1795,"Määrdekreem murulauguga, CREME BONJOUR, 200 g","1,99 €  9,95 €/kg "
1796,"Juustusnäkid Forte Classico 26%, VALIO, 100 g","1,79 €  17,90 €/kg "
1797,"Mascarpone, GALBANI, 500 g","4,59 €  9,18 €/kg "
1798,"Salatijuust Blancello, RÜCKER, 200 g","1,59 €  7,95 €/kg "
1799,"Hollandi Leibjuust 26%, SAAREMAA, 500 g","3,79 €  7,58 €/kg "
1800,"Eesti juust viil, E-PIIM, 300g","2,59 €  8,63 €/kg "
1801,"Saare kreemjuust peedi-rõika, GOURMET CLUB, 200 g","2,29 €  11,45 €/kg "
1802,"Juustu snäkk, FARMI, 200 g","2,39 €  11,95 €/kg "
1803,"Juust Forte Superiore 26%, VALIO, 180 g","3,79 €  21,06 €/kg "
1804,"Juustu täidisega paprika, KAPPA ANTIPASTI, 250 g","3,99 €  15,96 €/kg "
1805,"Koorene juust viilutatud, E-PIIM, 150 g","1,39 €  9,27 €/kg "
1806,"Juust Old Saare 29%, SAAREMAA, 300 g","3,79 €  12,63 €/kg "
1807,"Camembert valgehallitusjuust, PRESIDENT, 120 g","1,89 €  15,75 €/kg "
1808,"Eesti juust, VALIO, 350 g","2,99 €  8,54 €/kg "
1809,"Grilljuust Grilloumi Original, FONTANA, 200 g","3,49 €  17,45 €/kg "
1810,"Toorjuust peekoniga, FARMI, 150 g","1,69 €  11,27 €/kg "
1811,"Sulatatud suitsujuust küüslauguga, E-PIIM, 200g","1,89 €  9,45 €/kg "
1812,"Sulatatud juust Fortega, VALIO VIOLA, 185 g","1,39 €  7,51 €/kg "
1813,"Baieri valgehallitusjuust jalopeno-paprika, COBURGER, 150 g","1,99 €  13,27 €/kg "
1814,"Mozzarella, FORMAGIA, 125 g","0,99 €  7,92 €/kg "
1815,"Juustu mix, FARMI, 200 g","2,39 €  11,95 €/kg "
1816,"Saare juust viilutatud, SAAREMAA, 150 g","1,39 €  9,27 €/kg "
1817,"Kitseke kõva kitsepiimajuust, DELINE, 150 g","2,99 €  19,93 €/kg "
1818,"Kitsepiimajuust ""Buche de Chevre"", SOIGNON, 180 g","3,79 €  21,06 €/kg "
1819,"Sulatatud juust paprikaga, VALIO VIOLA, 185 g","1,39 €  7,51 €/kg "
1820,"Baieri valgehallitusjuust, COBURGER, 150 g","1,99 €  13,27 €/kg "
1821,"Kadaka juust viilutatud, SAAREMAA, 150 g","1,59 €  10,60 €/kg "
1822,"Camembert valgehallitusjuust pähklitega, PRESIDENT, 120 g","1,89 €  15,75 €/kg "
1823,"Kitsepiimajuust Chavroux, PUR CHEVRE, 150 g","3,99 €  26,60 €/kg "
1824,"Toorjuustumääre kalamarjaga, SELVERI KÖÖK, 130 g","2,89 €  22,23 €/kg "
1825,"Sulatatud suitsujuust singiga, E-PIIM, 200g","1,89 €  9,45 €/kg "
1826,"Valge juust päikesekuivatatud tomatitega, APETINA, 100 g","2,19 €  21,90 €/kg "
1827,"Pehme valge juustu kuubikud Classic, APETINA, 200 g","3,99 €  19,95 €/kg "
1828,"Juust Atleet Kuldne viilutatud, VALIO, 500 g","4,39 €  8,78 €/kg "
1829,"Harmony viilujuust, HARMONY, 150 g","1,59 €  10,60 €/kg "
1830,"Bresto juust, E-PIIM, 200 g","2,29 €  11,45 €/kg "
1831,"Viilujuust täispiimast, ALMA, 150 g","1,49 €  9,93 €/kg "
1832,"Valgehallitusjuust Brie, KÄSEREI, 125 g","2,99 €  23,92 €/kg "
1833,"Eesti Juust täispiimast, viilutatud, TRADITSIOONILINE EESTI JUUST, 180 g","2,19 €  12,17 €/kg "
1834,"Eesti juust viilutatud, E-PIIM, 150 g","1,39 €  9,27 €/kg "
1835,"Juust Juku 10%, SAAREMAA, 300 g","2,39 €  7,97 €/kg "
1836,"Grilljuust, E-PIIM, 330 g","3,99 €  12,09 €/kg "
1837,"Mozzarella riivitud, GOLDSTEIG, 200 g","2,49 €  12,45 €/kg "
1838,"Valgehallitusjuust Camembert, NaTurek, 120 g","1,99 €  16,58 €/kg "
1839,"Suitsukanakreem päikesekuivatatud tomatiga, SELVERI KÖÖK, 130 g","2,39 €  18,38 €/kg "
1840,"Kadaka mahejuust, viilutatud, SAAREMAA, 150 g","2,19 €  14,60 €/kg "
1841,"Juustu snäkk õrnsuitsuvürtsidega, FARMI, 200 g","2,39 €  11,95 €/kg "
1842,"Sulatatud suitsujuustu snäkk, E-PIIM, 150 g","1,79 €  11,93 €/kg "
1843,"Hollandi leibjuust 27%, viilutat, VALIO, 500 g","4,09 €  8,18 €/kg "
1844,"Valgehallitusjuust Brie, PAYSAN BRETON, 180 g","2,99 €  16,61 €/kg "
1845,"Valgehallitusjuust Camembert Paysan Breton, LAITA, 250 g","3,99 €  15,96 €/kg "
1846,"MO Saaremaa Ekstra juust sektor, SAAREMAA, 300 g","3,39 €  11,30 €/kg "
1847,"Lepasuitsu Eesti juust, E-PIIM, 370 g","3,99 €  10,78 €/kg "
1848,"Juust soolavees, APETINA, 200 g","1,99 €  9,95 €/kg "
1849,"Valgehallitusjuust Danish Brie, CASTELLO, 125 g","2,79 €  22,32 €/kg "
1850,"Seltskonna juustuampsud päikesekuivatatud tomatitega, SAAREMAA, 200 g","1,99 €  9,95 €/kg "
1851,"Toorjuust ananassi ja mandliga, CASTELLO, 125 g","2,59 €  20,72 €/kg "
1852,"Juust E-Piim Special, E-PIIM, 350 g","2,79 €  7,97 €/kg "
1853,"Juust Fitaki maitserohelisega, KÄSEREI, 300 g","3,99 €  13,30 €/kg "
1854,"Valgehallitusjuust Camembert, MERCI CHEF, 125 g","1,39 €  11,12 €/kg "
1855,"Toorjuust mädarõikaga, SAARE, 190 g","1,79 €  9,42 €/kg "
1856,"Juustu ürdisnäkk, FARMI, 200 g","2,39 €  11,95 €/kg "
1857,"Seltskonna juustuampsud koduaia ürtidega, SAAREMAA, 200 g","1,99 €  9,95 €/kg "
1858,"Juust Atleet Cheddar viilutatud, VALIO, 500 g","4,99 €  9,98 €/kg "
1859,"Määrdekreem küüslauguga, CREME BONJOUR, 100 g","1,29 €  12,90 €/kg "
1860,"Sulatatud Juust krevettidega, HIIRTE JUUST, 200g","0,99 €  4,95 €/kg "
1861,"Kadaka juust küüslauguga, SAAREMAA, 150 g","1,59 €  10,60 €/kg "
1862,"BabyBel juusturattakesed, LAUGHING COW, 80 g","2,29 €  28,63 €/kg "
1863,"Cheddar juust Vintage, SOMERDALE, 200 g","4,29 €  21,45 €/kg "
1864,"Juust Fitaki oliividega, KÄSEREI, 300 g","3,99 €  13,30 €/kg "
1865,"Juust Atleet Light, VALIO, 200 g","1,79 €  8,95 €/kg "
1866,"Määrdekreem kukeseenega, CREME BONJOUR, 100 g","1,29 €  12,90 €/kg "
1867,"Valgehallitusjuust Danish Camembert, CASTELLO, 125 g","2,79 €  22,32 €/kg "
1868,"Gouda Tšilli juust, NOPRI, 250 g","3,99 €  15,96 €/kg "
1869,"Camembert Grill 2x90g, PRESIDENT, 180 g","2,99 €  16,61 €/kg "
1870,"Kitsepiimajuust, PRESIDENT, 100 g","2,59 €  25,90 €/kg "
1871,"Lehmapiimajuust kreeka pähkliga, DELINE, 150 g","2,79 €  18,60 €/kg "
1872,"Salatijuust, VALIO EILA, 180 g","2,99 €  16,61 €/kg "
1873,"Riivjuust, ITALIANA FORMAGGI, 80 g","1,99 €  24,88 €/kg "
1874,"Kitsejuust Capricho, VEGA GOURMET, 145 g","2,59 €  17,86 €/kg "
1875,"Kitsepiimajuust Merci Chef, MERCI CHEF, 110 g","2,79 €  25,36 €/kg "
1876,"Juustukuubikud ürtidega, Estover, 200 g","2,19 €  10,95 €/kg "
1877,"Suitsutatud juustupats, DELIKATESS, 200 g","3,79 €  18,95 €/kg "
1878,"Valgehallitusjuust Brie küüslauguga, PRESIDENT, 125 g","1,99 €  15,92 €/kg "
1879,"Juust Classic , ANDRE FARM, kg","11,99 €  11,99 €/kg "
1880,"Toorjuust suitsusingiga, PIIMAMEISTER OTTO, 140 g","1,29 €  9,21 €/kg "
1881,"Valgehallitusjuust Merci Chef, MERCI CHEF, 240 g","2,39 €  9,96 €/kg "
1882,"Kõvajuust 26%, VALIO FORTE, kg","12,99 €  12,99 €/kg "
1883,"Juust Västerbottensost, 450 g","8,99 €  19,98 €/kg "
1884,"Bontazola Gorgonzola (kreemine), MAURI, 200 g","4,99 €  24,95 €/kg "
1885,"Valgehallitusjuust Brie sinihallitusjuustuga, ILE DE FRANCE, 125 g","4,99 €  39,92 €/kg "
1886,"Sinihallitusjuust Aura, VALIO, 170 g","3,29 €  19,35 €/kg "
1887,"Sinihallitusjuust Roquefort, SOCIETE, 100 g","3,99 €  39,90 €/kg "
1888,"Juust Oltermanni, VALIO, 500 g","5,99 €  11,98 €/kg "
1889,"Juust Grand 3 kuud, ANDRE FARM, kg","13,99 €  13,99 €/kg "
1890,"Valge juust küüslauguga, ARLA APETINA, 100 g","2,00 €  20,00 €/kg "
1891,"Juust köömnetega, SAIDA FARM, kg","7,79 €  7,79 €/kg "
1892,"Pecorino romano, GRANAROLO, 170 g","4,99 €  29,35 €/kg "
1893,"Juust, SAIDA FARM, kg","7,79 €  7,79 €/kg "
1894,"Valgehallitusjuust kitsepiimast, ANDRI-PEEDO, 125 g","3,99 €  33,25 €/kg "
1895,"Kitsejuust viigimarjadega, CHAVROUX, 150 g","3,99 €  26,60 €/kg "
1896,"Juust Mini, ANDRE FARM, kg","13,99 €  13,99 €/kg "
1897,"Grana padano, GRANAROLO, 200 g","4,99 €  24,95 €/kg "
1898,"Parmigiano reggiano KPN, GRANAROLO, 200 g","6,59 €  32,95 €/kg "
1899,"Kitsejuust Capricho mini ürtidega, VEGA GOURMET, 145 g","2,79 €  19,24 €/kg "
1900,"Juust Cheddar laimi ja tšilliga, SOMERDALE, 190g","4,49 €  23,63 €/kg "
1901,"Juustu täidisega roheline pepperoni, KAPPA ANTIPASTI, 250 g","3,59 €  14,36 €/kg "
1902,"Juust Prima, ANDRE FARM, kg","16,99 €  16,99 €/kg "
1903,"Juust Halloumi, DODONI, 225 g","5,99 €  26,62 €/kg "
1904,"Jumalate Kapriis, SAVENCIA, 100 g","3,99 €  39,90 €/kg "
1905,"Suitsutatud scamorza juust, GRANAROLO, 250g","2,79 €  11,16 €/kg "
1906,"Juust Cheddar musta pipraga, SOMERDALE, 190g","4,49 €  23,63 €/kg "
1907,"Kitsejuust Capricho mini pipraga, VEGA GOURMET, 145 g","2,99 €  20,62 €/kg "
1908,"Westminster suitsutatud Cheddar, SOMERDALE, 200 g","4,49 €  22,45 €/kg "
1909,"Gouda Karulauguga, NOPRI, 250 g","3,99 €  15,96 €/kg "
1910,"Nopri Kitsejuust 26%, NOPRI, 200 g","5,99 €  29,95 €/kg "
1911,"Gouda Ürtidega, NOPRI, 250 g","4,99 €  19,96 €/kg "
1912,"Kitse- ja lehmapiima Gouda, NOPRI, 200 g","3,99 €  19,95 €/kg "
1913,"Sibula-küüslaugu Gouda, NOPRI, 250 g","3,99 €  15,96 €/kg "
1914,"Sinepiseemne Gouda, NOPRI, 250 g","3,99 €  15,96 €/kg "
1915,"Bresto juust Light, E-PIIM, 200 g","2,29 €  11,45 €/kg "
1916,"Rohe juust, E-PIIM, 150 g","1,69 €  11,27 €/kg "
1917,"Grill- ja praejuust, MO SAAREMAA, 200 g","2,49 €  12,45 €/kg "
1918,"Toorjuust krevettidega, FARMI, 150 g","1,69 €  11,27 €/kg "
1919,"Klassikaline sulajuust, MO SAAREMAA, 185 g","1,29 €  6,97 €/kg "
1920,"Meze grilljuust, OLYMPUS, 200 g","2,99 €  14,95 €/kg "
1921,"Camembert valgehallitusjuust maitserohelisega, NATUREK, 120 g","1,99 €  16,58 €/kg "
1922,"Mini valgehallitusjuust, ILE DE FRANCE, 125 g","4,49 €  35,92 €/kg "
1923,"Mozzarella juust light, GOLDSTEIG, 125 g","1,29 €  10,32 €/kg "
1924,"Vägev juust, MO SAAREMAA, 380 g","3,99 €  10,50 €/kg "
1925,"Sulatatud juust krabimaitseliste nuudlitega, VALIO VIOLA, 185 g","1,39 €  7,51 €/kg "
1926,"Toorjuust jalopenoga, PHILADELPHIA, 175 g","2,29 €  13,09 €/kg "
1927,"Salatijuust, OLYMPUS, 150g","1,59 €  10,60 €/kg "
1928,"Salatijuust kitsepiimast, OLYMPUS, 150g","1,79 €  11,93 €/kg "
1929,"Salatijuust lambapiimast, OLYMPUS, 150g","1,79 €  11,93 €/kg "
1930,"Fetajuust, OLYMPUS, 150 g","2,19 €  14,60 €/kg "
1931,"Toorjuust vaniljega, PIIMAMEISTER OTTO, 400g","2,39 €  5,98 €/kg "
1932,"Külmkuivatatud Juustu Krõps, SAIDAFARM, 40g","2,79 €  69,75 €/kg "
1933,"Külmkuivatatud Juustu Krõps köömnetega, SAIDAFARM, 40g","2,79 €  69,75 €/kg "
1934,"Külmkuivatatud Juustu Krõps tilli ja küüslaugu, SAIDAFARM, 40g","2,79 €  69,75 €/kg "
1935,"Hollandi Leibjuust viilud 25,2% 2tk, ESTOVER, 2*300 g","5,18 €  8,63 €/kg "
1936,"Külmkuivatatud Juustu Krõps köömnetega, SAIDAFARM, 90g","5,69 €  63,22 €/kg "
1937,"Külmkuivatatud Juustu Krõps, SAIDAFARM, 90g","5,69 €  63,22 €/kg "
1938,"Külmkuivatatud Juustu Krõps tilli ja küüslaugu, SAIDAFARM, 90g","5,69 €  63,22 €/kg "
1939,"Ekslusiivne juustukomplekt, NOPRI, 950 g","39,90 €  42,00 €/kg "
1940,"Krõbe juustuamps, DELIKATESS, 55 g","2,79 €  50,73 €/kg "
1941,"Suitsutatud juustupallid, DELIKATESS, 100g","1,99 €  19,90 €/kg "
1942,"Juusturibad tšilliga, DELIKATESS, 55 g","0,99 €  18,00 €/kg "
1943,"Praejuust Nopri, NOPRI, 200 g","2,99 €  14,95 €/kg "
1944,"Vahustatud toorjuust peedi-kitsejuustu maitseline, TERE, 150g","1,59 €  10,60 €/kg "
1945,"Juustulaastud Saare Old, SAAREMAA, 100 g","1,49 €  14,90 €/kg "
1946,"Kõvajuust Gold 36 kuud, DZIUGAS, 180 g","4,49 €  24,94 €/kg "
1947,"Kõvajuust Piquant, DZIUGAS, 180 g","3,49 €  19,39 €/kg "
1948,"Juusturibad küüslauguga, DELIKATESS, 55 g","0,99 €  18,00 €/kg "
1949,"Kõvajuust, 40% , 24k, DZIUGAS, 180 g","3,99 €  22,17 €/kg "
1950,"Gorgonzola DOP, FORMAGIA, 100 g","1,89 €  18,90 €/kg "
1951,"Määrdekreem mädarõikaga, CREME BONJOUR, 100 g","1,29 €  12,90 €/kg "
1952,"Gouda Juust, ESTOVER, 150g","1,49 €  9,93 €/kg "
1953,"HULGI Sulatatud juust 4tk, VALIO VIOLA, 4 x 185 g","5,00 €  6,76 €/kg "
1954,"HULGI Juust Atleet Originaal 2tk, VALIO, 2 x 500 g","5,00 €  5,00 €/kg "
1955,"HULGI Eesti Juust viilutatud 3tk, TRADITSIOONILINE EESTI JUUST, 3 x 350g","5,55 €  5,29 €/kg "
1956,"HULGI Hiirte Juust viilutatud 3tk, ESTOVER, 3 x 350 g","9,00 €  8,57 €/kg "
1957,"HULGI Vene juust 28,5% viilutatud 2tk, ESTOVER, 2 x 500 g","7,00 €  7,00 €/kg "
1958,"Pehme juust, LA GALETTE, 175 g","3,79 €  21,66 €/kg "
1959,"Valgehallitusjuust Camembert röstitud kõrvitsaseemnetega, NATUREK, 120g","1,99 €  16,58 €/kg "
1960,"Kinkekarp nr. 4, DELINE, 475 g","9,99 €  9,99 €/tk "
1961,"Kinkekarp nr. 6, DELINE, 425 g","21,99 €  51,74 €/kg "
1962,"Juustu kinkekomplekt, NOPRI, 800 g","9,99 €  9,99 €/tk "
1963,"Rukkipala, LEIBUR, 330 g","0,69 €  2,09 €/kg "
1964,"Röstsai mitmevilja, LEIBUR, 470 g","1,19 €  2,53 €/kg "
1965,"Rukkisepik viilutatud, EESTI PAGAR, 300 g","0,59 €  1,97 €/kg "
1966,"Kuldne klassikaline röstsai, LEIBUR, 500 g","0,89 €  1,78 €/kg "
1967,"Must leib viilutatud, EESTI PAGAR, 600 g","0,79 €  1,32 €/kg "
1968,"Rukkileib Ruks, LEIBUR, 380 g","0,75 €  1,97 €/kg "
1969,"Kirde sai, LEIBUR, 300 g","0,65 €  2,17 €/kg "
1970,"Suur Kirde sai, LEIBUR, 450 g","0,79 €  1,76 €/kg "
1971,"Must põrandaleib, FAZER, 390 g","0,89 €  2,28 €/kg "
1972,"Suur Kodusai, FAZER, 500 g","0,79 €  1,58 €/kg "
1973,"Rehe rukkileib viilutatud, EESTI PAGAR, 600 g","0,69 €  1,15 €/kg "
1974,"Peedi-porgandi-pastinaagi-pihlaka pehmik, EESTI PAGAR, 240 g","0,99 €  4,13 €/kg "
1975,"Õnne sepik viilutatud, EESTI PAGAR, 300 g","0,69 €  2,30 €/kg "
1976,"Must Juubelileib, FAZER, 500g","1,19 €  2,38 €/kg "
1977,"Perenaise sai viilutatud, EESTI PAGAR, 500 g","0,69 €  1,38 €/kg "
1978,"Täisterasepik, EESTI PAGAR, 500 g","0,99 €  1,98 €/kg "
1979,"Perenaise sai viilutatud, EESTI PAGAR, 320 g","0,45 €  1,41 €/kg "
1980,"Kaerasepik, LEIBUR, 360 g","0,79 €  2,19 €/kg "
1981,"Must seemneleib, FAZER, 280 g","0,79 €  2,82 €/kg "
1982,"Leiburi Röst 100% rukkijahust, LEIBUR, 470 g","1,19 €  2,53 €/kg "
1983,"Juustumuhkel, FAZER, 200 g","0,89 €  4,45 €/kg "
1984,"Kuldne täisterasepik, LEIBUR, 500 g","0,99 €  1,98 €/kg "
1985,"Saib 100% rukkijahust, LEIBUR, 370 g","0,89 €  2,41 €/kg "
1986,"Rukkipala hõrk ja õhuke, LEIBUR, 195 g","0,95 €  4,87 €/kg "
1987,"Mitmevilja Pehmik, EESTI PAGAR, 240 g","0,85 €  3,54 €/kg "
1988,"Tallinna peenleib viilutatud, LEIBUR, 475 g","0,89 €  1,87 €/kg "
1989,"Röstsai juustuga, EESTI PAGAR, 430 g","0,99 €  2,30 €/kg "
1990,"Kuldne klassikaline röstsai, LEIBUR, 250 g","0,69 €  2,76 €/kg "
1991,"Teratasku, EESTI PAGAR, 280 g","0,65 €  2,32 €/kg "
1992,"Kodusai röst, FAZER, 500 g","0,69 €  1,38 €/kg "
1993,"Rehe koorikleib, EESTI PAGAR, 200 g","0,59 €  2,95 €/kg "
1994,"Finest Keefirisai kaltsiumiga, FAZER, 350 g","0,79 €  2,26 €/kg "
1995,"Must näkileib päevalilleseemnetega, FAZER, 150 g","1,29 €  8,60 €/kg "
1996,"Kamabatoon, 38g, RÕNGU PAGAR","0,39 €  10,26 €/kg "
1997,"Isa peenleib, LEIBUR, 350 g","0,65 €  1,86 €/kg "
1998,"Must leib viilutatud, FAZER, 600 g","0,99 €  1,65 €/kg "
1999,"Rukkitasku, EESTI PAGAR, 340 g","0,65 €  1,91 €/kg "
2000,"Kaeraröst OatFit, LEIBUR, 550 g","1,29 €  2,35 €/kg "
2001,"Kanepiseemne leib rukkiteradega, EESTI PAGAR, 240 g","0,69 €  2,88 €/kg "
2002,"Must leib, FAZER, 300 g","0,65 €  2,17 €/kg "
2003,"Tosta mitmevilja-röstsai viilutatud, EESTI PAGAR, 500 g","0,99 €  1,98 €/kg "
2004,"Rummipall, 45g, RÕNGU PAGAR","0,79 €  17,56 €/kg "
2005,"Must Pehmik, EESTI PAGAR, 240 g","0,85 €  3,54 €/kg "
2006,"Must taskuleib seemnetega, FAZER, 270 g","0,89 €  3,30 €/kg "
2007,"Röstsai täistera, EESTI PAGAR, 430 g","0,99 €  2,30 €/kg "
2008,"Rukki näkileivad hapukoore, LINKOSUO, 150 g","2,29 €  15,27 €/kg "
2009,"Jassi seemneleib 1/2 viilutatud, EESTI PAGAR, 310 g","0,85 €  2,74 €/kg "
2010,"Riisivahvlid piimašokolaadiga, KUPIEC, 90 g","1,39 €  15,44 €/kg "
2011,"Riisivahvlid tumeda šokolaadiga, KUPIEC, 90 g","1,39 €  15,44 €/kg "
2012,"Kanepiseemne leib rukkiteradega, EESTI PAGAR, 500 g","0,99 €  1,98 €/kg "
2013,"Ruks Seemnepala, LEIBUR, 260 g","0,89 €  3,42 €/kg "
2014,"Leivakrõpsud hapukoore ja sibula, BON CHANCE, 120 g","1,09 €  9,08 €/kg "
2015,"Rehe rukkileib viilutatud, EESTI PAGAR, 390 g","0,75 €  1,92 €/kg "
2016,"Kodune sepik, LEIBUR, 360 g","0,69 €  1,92 €/kg "
2017,"Kodukandi rukkileib 1/2 viilutatud, EESTI PAGAR, 390 g","0,79 €  2,03 €/kg "
2018,"Tosta röstsai viilutatud, EESTI PAGAR, 500 g","0,89 €  1,78 €/kg "
2019,"Rukkileib Ruks, LEIBUR, 800 g","1,29 €  1,61 €/kg "
2020,"Oatfit kaerasüda kaerapala, LEIBUR, 250 g","1,09 €  4,36 €/kg "
2021,"Maisileivakesed linaseemnetega, RACIO, 115 g","0,65 €  5,42 €/kg "
2022,"Röst kaerajuuretisega, LEIBUR, 280 g","0,99 €  3,54 €/kg "
2023,"Näkileib Originaal duubel pakk, FINN CRISP, 400 g","1,19 €  10,35 €/kg "
2024,"Kodusai viilutatud, FAZER, 320 g","0,59 €  1,84 €/kg "
2025,"Linkosuo, Rukki näkileivad magusa tšilli, 150 g","0,99 €  23,57 €/kg "
2026,"Leiburi Ruks vormileib, LEIBUR, 600 g","0,99 €  1,65 €/kg "
2027,"Fazer RÖSTI keefiri ja kaltsiumiga, FAZER, 450 g","1,19 €  2,64 €/kg "
2028,"Sepik kaeraga, LEIBUR, 400 g","0,99 €  2,48 €/kg "
2029,"Lapi leib kaeraga Street Food, FAZER, 180 g","1,39 €  7,72 €/kg "
2030,"Must Jassi seemneleib 1/2 viilutatud, EESTI PAGAR, 310 g","0,99 €  3,19 €/kg "
2031,"Kaera Pehmik, EESTI PAGAR, 220 g","0,85 €  3,86 €/kg "
2032,"Seemnepala, FAZER, 280 g","0,99 €  3,54 €/kg "
2033,"Rukki näkileivad küüslaugu, LINKOSUO, 150 g","1,19 €  14,00 €/kg "
2034,"Rukkileib täisterajuuretisega, LEIBUR, 380 g","0,79 €  2,08 €/kg "
2035,"Seemneröst, FAZER, 450 g","1,45 €  3,22 €/kg "
2036,"Pealinna peenleib 1/2 viilutatud, EESTI PAGAR, 490 g","0,79 €  1,61 €/kg "
2037,"Rukkileib, MEIE EESTI, 320 g","0,99 €  3,09 €/kg "
2038,"Juustukukkel, EESTI PAGAR, 200 g","0,79 €  3,95 €/kg "
2039,"Meie Eesti 100 Uudseleib, EESTI LEIVATÖÖSTUS, 600 g","1,59 €  2,65 €/kg "
2040,"Pärnu vormileib, EESTI LEIVATÖÖSTUS, 600 g","0,79 €  1,32 €/kg "
2041,"Rukkileivuke täistera, FAZER, 220g","0,65 €  2,95 €/kg "
2042,"Must leib 1/2 viilutatud, EESTI PAGAR, 280 g","0,65 €  2,32 €/kg "
2043,"Classic Lavash, LAMELEIB, 120 g","0,79 €  6,58 €/kg "
2044,"Kaeraleivuke 100% kaer, FAZER, 220g","1,09 €  4,95 €/kg "
2045,"Maisileivakesed meresoolaga, RACIO, 115 g","1,19 €  10,35 €/kg "
2046,"Sotšnik kohupiimaga, EESTI LEIVATÖÖSTUS, 140g","1,29 €  9,21 €/kg "
2047,"Rullbiskviit kohupiimakreemiga, SELVERI KÖÖK, 360 g","1,99 €  0,40 €/l "
2048,"Mitmeviljaröstikukkel, FAZER, 260 g","0,79 €  3,04 €/kg "
2049,"Tume ciabatta kukkel, EESTI PAGAR, 210 g","0,69 €  3,29 €/kg "
2050,"Õhuk.täist.rukkist näkileivad, WASA, 275 g","1,79 €  6,51 €/kg "
2051,"Peenleib, MEIE EESTI, 370 g","0,99 €  2,68 €/kg "
2052,"Ehe rabarberikook, SELVERI KÖÖK, 500 g","2,69 €  7,47 €/kg "
2053,"Näkileib rukkijahust, FINN CRISP, 200 g","1,69 €  8,45 €/kg "
2054,"Tosta Rukkiröst, EESTI PAGAR, 390 g","0,99 €  2,54 €/kg "
2055,"Finn Crisp Traditional, FINN CRISP, 200 g","1,69 €  8,45 €/kg "
2056,"Fazer RÖSTI 5-vilja täisterahelvestega, FAZER, 450 g","1,19 €  2,64 €/kg "
2057,"Sarvesai vanilje, mureli, 7DAYS, 60 g","0,49 €  8,17 €/kg "
2058,"Täisterajahu lavash, LAMELEIB, 120 g","0,79 €  6,58 €/kg "
2059,"Must seemneleib, FAZER, 560 g","1,59 €  2,84 €/kg "
2060,"Leivakrõpsud juustu- küüslaugu, BON CHANCE, 120 g","1,09 €  9,08 €/kg "
2061,"Mitmevilja pala, LEIBUR, 220g","0,79 €  3,59 €/kg "
2062,"Sarvesai kakaotäidisega, 7DAYS, 60 g","0,49 €  8,17 €/kg "
2063,"Sarvesai kakao, vaniljetäidis., 7DAYS, 60 g","0,49 €  8,17 €/kg "
2064,"Mini lavash, LAMELEIB, 120 g","0,79 €  6,58 €/kg "
2065,"Kirju koer, SELVERI KÖÖK, 380 g","2,69 €  5,38 €/kg "
2066,"Riisivahvlid naturaalsed õhukesed, KUPIEC, 90 g","0,89 €  9,89 €/kg "
2067,"Täistera tortilja, LAMELEIB, 160 g","1,19 €  7,44 €/kg "
2068,"Meekook, SELVERI KÖÖK, 300 g","3,59 €  9,45 €/kg "
2069,"Burgerikukkel seesamiseemnetega, LEIBUR, 448 g","1,99 €  4,44 €/kg "
2070,"Hele ciabatta kukkel, EESTI PAGAR, 210 g","0,69 €  3,29 €/kg "
2071,"Prantsuse kohupiimakook, EESTI PAGAR, 320 g","2,69 €  8,41 €/kg "
2072,"Aleksandrikook, SELVERI KÖÖK, 260 g","5,29 €  33,06 €/kg "
2073,"Kräsupeakook kirssidega, SELVERI KÖÖK, 550 g","1,49 €  5,73 €/kg "
2074,"Kuldne Brioche röstsai, LEIBUR, 260g","0,99 €  3,81 €/kg "
2075,"Seemneleib täisterajuuretisega, LEIBUR, 380 g","0,99 €  2,61 €/kg "
2076,"Seemneleib, FAZER, 400 g","1,39 €  3,48 €/kg "
2077,"Metsmaasikarull, EESTI PAGAR, 300 g","2,99 €  9,97 €/kg "
2078,"Rullbiskviit jõhvikakreemiga, SELVERI KÖÖK, 360 g","5,29 €  19,59 €/kg "
2079,"Sarvesai pähklikreemitäidisega, 7DAYS, 60 g","0,49 €  8,17 €/kg "
2080,"Pärnu leib, EESTI LEIVATÖÖSTUS, 260 g","0,59 €  2,27 €/kg "
2081,"Kohupiimakook rosinatega, RÕNGU PAGAR, 500 g","4,99 €  9,98 €/kg "
2082,"Porgandikook toorjuustuglasuuriga, SELVERI KÖÖK, 270 g","2,99 €  8,31 €/kg "
2083,"Juurikaröst pastinaagi ja porgandiga, FAZER, 450 g","1,19 €  2,64 €/kg "
2084,"Mini röst, FAZER, 240 g","0,69 €  2,88 €/kg "
2085,"Kook Werneri Napoleon, GUSTAV, 450g","4,29 €  9,53 €/kg "
2086,"Küpsise-maasikakook, 450g, SELVERI KÖÖK","1,99 €  7,37 €/kg "
2087,"Leopoldi pallike, RÕNGU PAGAR, 220 g","1,79 €  8,14 €/kg "
2088,"Riisivahvlid kõrvits.seemnetega, SONKO, 130 g","0,79 €  6,08 €/kg "
2089,"Brioche burgerikukkel, LEIBUR, 280 g","1,79 €  6,39 €/kg "
2090,"Ehe rabarberikook, SELVERI KÖÖK, 250 g","2,39 €  19,12 €/kg "
2091,"Jõhvika-kohupiimakook, SELVERI KÖÖK, 280 g","1,39 €  5,56 €/kg "
2092,"Riisivahvlid mitmevilja õhukesed, KUPIEC, 90 g","0,89 €  9,89 €/kg "
2093,"Küüslauguleivad ämbris, MARMITON, 350 g","2,19 €  6,26 €/kg "
2094,"Moorapead, LÕUNA PAGARID, 165 g","2,49 €  15,09 €/kg "
2095,"Mini tosca , REVAL KONDIITER, 240 g","3,49 €  14,54 €/kg "
2096,"Pealinna peenleib viil, EESTI PAGAR, 1 kg","1,49 €  1,49 €/kg "
2097,"Street Food Gruusialeib, FAZER, 250 g","1,19 €  4,76 €/kg "
2098,"Werneri Napoleoni kook, GUSTAV, 900 g","6,99 €  7,77 €/kg "
2099,"Kass Arturi kook, SELVERI KÖÖK, 160 g","1,69 €  3,38 €/l "
2100,"Ruks hele seemneleib pool, LEIBUR, 290 g","0,79 €  2,72 €/kg "
2101,"Kuivik rosina, VIKSTAL, 200 g","0,89 €  4,45 €/kg "
2102,"Kohupiimataskud karbis, LÕUNA PAGARID, 250 g","3,29 €  13,16 €/kg "
2103,"Viilutatud must leib Must Ronk, EESTI LEIVATÖÖSTUS, 260 g","0,69 €  2,65 €/kg "
2104,"Kook Brita, GUSTAV, 600g","7,99 €  13,32 €/kg "
2105,"Aleksandrikook, SELVERI KÖÖK, 520 g","2,59 €  16,19 €/kg "
2106,"Baguette, SELVERI PAGARID, 220 g","0,99 €  4,50 €/kg "
2107,"Juubelisai, EESTI PAGAR, 350 g","1,49 €  4,26 €/kg "
2108,"Pähklikook, SELVERI KÖÖK, 280 g","2,59 €  4,98 €/kg "
2109,"Kodusai Täistera röst, FAZER, 250 g","0,75 €  3,00 €/kg "
2110,"Küüslauguleivad topsis, MARMITON, 150 g","0,89 €  5,93 €/kg "
2111,"Rukki näkileivad, LINKOSUO, 150 g","2,29 €  15,27 €/kg "
2112,"Brita kook, SELVERI KÖÖK, 380 g","2,99 €  10,68 €/kg "
2113,"Väikesed rosinakeeksid, VÄIKE VÄÄNIK, 300 g","2,29 €  7,63 €/kg "
2114,"Napoleoni kook, SELVERI KÖÖK, 550 g","4,99 €  13,13 €/kg "
2115,"Kodu rukkileib, FAZER, 700 g","1,39 €  1,99 €/kg "
2116,"Hapukoorekook, 280g, SELVERI KÖÖK","4,69 €  19,71 €/kg "
2117,"Kaneelisaiake 2 tk, EESTI PAGAR, 110 g","0,69 €  6,27 €/kg "
2118,"Pealinna kook, EESTI PAGAR, 350 g","2,89 €  8,26 €/kg "
2119,"5-viljasepik täistera, FAZER, 400 g","0,99 €  2,48 €/kg "
2120,"Krõbedad leivakesed küüslauguga, VÄIKE VÄÄNIK, 150 g","1,19 €  7,93 €/kg "
2121,"Rukkirääk, EESTI LEIVATÖÖSTUS, 260 g","0,59 €  2,27 €/kg "
2122,"Ehe õunakook, SELVERI KÖÖK, 250 g","2,99 €  10,68 €/kg "
2123,"Suvine marjakook, SELVERI KÖÖK, 550 g","1,39 €  5,56 €/kg "
2124,"Kreemisai, SELVERI PAGARID, ca 50 g","0,39 €  7,80 €/kg "
2125,"Kukkel Mega Burger, QUICKBURY, 300 g","1,29 €  4,30 €/kg "
2126,"Kirju kohupiimatort, EESTI PAGAR, 1,05 kg","8,99 €  8,56 €/kg "
2127,"Virsiku-vahukoorekook, SELVERI KÖÖK, 320 g","2,99 €  5,44 €/kg "
2128,"Tume Ciabatta, SELVERI PAGARID, ca 320 g","0,99 € 3,09 €/kg "
2129,"Väikesed marmelaadikeeksid, VÄIKE VÄÄNIK, 300 g","1,29 € 4,03 €/kg "
2130,"Teekook pakitud, MARTA PAGAR, 300 g","2,29 €  7,63 €/kg "
2131,"Kodujuustukook, SELVERI KÖÖK, 720 g","2,99 €  19,93 €/kg "
2132,"Maasika-kohupiimakook, SELVERI KÖÖK, 390 g","5,19 €  7,21 €/kg "
2133,"Mesi-Käpp vahvlikook, SELVERI KÖÖK, 170 g","3,29 €  8,44 €/kg "
2134,"Kaneelirullid, GIFFLAR, 260 g","2,99 €  17,59 €/kg "
2135,"Trühvlikook, SELVERI KÖÖK, 180 g","2,99 €  17,59 €/kg "
2136,"Virsiku-vahukoorekook, SELVERI KÖÖK, 640 g","2,89 €  16,06 €/kg "
2137,"Moonipõimik, SELVERI PAGARID, ~85g","5,99 €  9,36 €/kg "
2138,"Rukkileib Mini Must, FAZER, 450 g","0,69 € 8,12 €/kg "
2139,"Must teraleib, EESTI PAGAR,","0,85 € 10,00 €/kg "
2140,"Sangaste peenleib, EESTI PAGAR,","1,09 €  2,42 €/kg "
2141,"Red Velvet toorjuustu-mustikarull, SELVERI KÖÖK, 400 g","5,99 €  9,36 €/kg "
2142,"Kohupiimakorp 2tk/pk, REVAL KONDIITER, 160 g","0,65 €  1,91 €/kg "
2143,"Kukkel Burger, QUICKBURY, 300 g","5,49 €  13,73 €/kg "
2144,"Maasika-kiivikorvike, SELVERI KÖÖK, 300 g","5,49 €  13,73 €/kg "
2145,"Tatraleib, EUROLEIB, 350 g","1,29 €  4,30 €/kg "
2146,"Sidrunikeeks Rondana, KUCHENMEISTER, 250 g","2,99 €  9,97 €/kg "
2147,"Krutoonid sibula ja küüslaugu, LAND-LEBEN, 100 g","0,99 €  9,90 €/kg "
2148,"Võikeeks, EESTI PAGAR, 250 g","1,69 €  6,76 €/kg "
2149,"Röstitud saiaviilud, ALBATROS, 80 g","0,99 €  12,38 €/kg "
2150,"Jäätisetops, MARMITON, 50 g","1,35 €  5,40 €/kg "
2151,"Riisivahvlid naturaalsed, SONKO, 130 g","0,69 €  5,31 €/kg "
2152,"Näkileib juustu ja kõrvitsaseemn., DR. KARG, 200 g","2,49 €  12,45 €/kg "
2153,"Kuivik tavaline, VIKSTAL, 200 g","0,89 €  4,45 €/kg "
2154,"Keeks väike, ELTRUM, 100 g","2,49 €  12,45 €/kg "
2155,"Porgandikook toorjuustuglasuuriga, SELVERI KÖÖK, 560 g","2,99 €  9,97 €/kg "
2156,"Sarvesai vanilje-maasika, 7DAYS, 60 g","0,49 €  8,17 €/kg "
2157,"Croissant, SELVERI PAGARID, ca 60g","0,45 €  7,50 €/kg "
2158,"Ehe õunakook, SELVERI KÖÖK, 500 g","2,09 €  12,29 €/kg "
2159,"Pavlova beseekoogi põhjad, REVAL KONDIITER, 8x22g","2,99 €  16,99 €/kg "
2160,"Kohupiimakringel, EESTI PAGAR, 500 g","4,09 €  8,18 €/kg "
2161,"Erik Orgu kohupiimakook, ERIK ORGU, 325 g","4,99 €  15,35 €/kg "
2162,"Gluteenivaba viilutatud mitmeviljasai Cereale, SCHÄR, 300 g","3,59 €  11,97 €/kg "
2163,"Marmorkeeks, KUCHENMEISTER, 400 g","2,69 €  6,73 €/kg "
2164,"Rukki-riisipirukas, SELVERI PAGARID, ca 65 g","0,39 €  6,00 €/kg "
2165,"Lehttaigen, EESTI LEIVATÖÖSTUS, 600g","2,79 €  4,65 €/kg "
2166,"Lihapirukas pärmi-lehttaignast, SELVERI PAGARID, ca 60 g","0,59 €  9,83 €/kg "
2167,"Napoleoni tort, PAGARIPOISID, 1,3 kg","7,49 €  5,76 €/kg "
2168,"Kaneelirull, SELVERI PAGARID, ca 63 g","0,35 €  5,56 €/kg "
2169,"Brita kook, SELVERI KÖÖK, 800 g","2,09 €  11,61 €/kg "
2170,"Muretainas, SELVERI KÖÖK, 500 g","8,99 €  11,24 €/kg "
2171,"Näkileib tomati ja Mozarella, Dr. Karg, 200 g","2,49 €  12,45 €/kg "
2172,"Tibulinnukook, PAGARIPOISID, 360 g","3,49 €  9,69 €/kg "
2173,"Erik Orgu porgandikook, ERIK ORGU, 300 g","4,99 €  16,63 €/kg "
2174,"Trühvlikook, SELVERI KÖÖK, 360 g","1,69 €  11,27 €/kg "
2175,"Porgandipirukas, SELVERI PAGARID, ca 60 g","0,55 €  9,17 €/kg "
2176,"Franzi kaneelisaiake, SELVERI PAGARID, 115 g","0,77 €  6,70 €/tk "
2177,"Vaarika beseerull, REVAL KONDIITER, 300 g","4,99 €  16,63 €/kg "
2178,"Aprikoosikook, EESTI PAGAR, 310 g","2,79 €  9,00 €/kg "
2179,"Kirsi-kohupiima ampsukas, EESTI LEIVATÖÖSTUS, 100 g","1,19 €  11,90 €/kg "
2180,"Gluteenivaba viilutatud sai seemnetega Vital, SCHÄR, 350 g","3,99 €  11,40 €/kg "
2181,"Rummisai kirsiga, MARTA PAGAR, 140 g","0,99 €  7,07 €/kg "
2182,"Kakao-kirsirull, PAGARIPOISID, 400 g","5,99 €  14,98 €/kg "
2183,"Soolane muretaigen, Hagar, 500g","2,39 €  4,78 €/kg "
2184,"Liivarõngas, PAGARIPOISID, 4x80 g","2,39 €  7,47 €/kg "
2185,"Mustsõstratasku, EESTI LEIVATÖÖSTUS, 2x90 g","1,59 €  8,83 €/kg "
2186,"Cappuccino-kook, PAGARINI, 220 g","3,29 €  14,95 €/kg "
2187,"Mustasõstra-passionikook, PAGARINI, 300 g","3,29 €  10,97 €/kg "
2188,"Vaarikakook, SELVERI KÖÖK, 560 g","6,99 €  12,48 €/kg "
2189,"Hapukoorekook, 580g, SELVERI KÖÖK","0,99 €  33,00 €/l "
2190,"Rukki Seemnepala, FAZER, 300 g","1,19 €  3,97 €/kg "
2191,"Vaarikakook, SELVERI KÖÖK, 270 g","5,99 €  10,33 €/kg "
2192,"Šokolaadi sõõrik, SELVERI PAGARID, ca 77 g","0,79 € 10,26 €/kg "
2193,"Näkileivad light, WASA, 270 g","1,79 €  6,63 €/kg "
2194,"Werneri porgandikook, GUSTAV, 550 g","1,79 €  6,63 €/kg "
2195,"Hele tordipõhi 3-kihiline, KUCHENMEISTER, 400 g","5,99 €  10,89 €/kg "
2196,"Näkileib küüslaugu maitseline, FINN CRISP, 175 g","1,69 €  9,66 €/kg "
2197,"Kohupiima keeks, ELTRUM, 300 g","1,69 €  9,66 €/kg "
2198,"Lehttaignatoruke kohupiimakreemiga, MARTA PAGAR, 2x75 g","1,99 €  6,63 €/kg "
2199,"Gluteeni- ja laktoosivabad koogikesed, REVAL KONDIITER, 170 g","1,79 €  11,93 €/kg "
2200,"Hea kohupiimakook, EESTI LEIVATÖÖSTUS, 370 g","3,39 €  19,94 €/kg "
2201,"Võiroos, SELVERI PAGARID, ca 70 g","3,99 €  10,78 €/kg "
2202,"Mini pontsik õunaga, SELVERI PAGARID, 22-26 g","0,49 €  7,00 €/kg "
2203,"Tort Lepatriinu, PIHLAKA, 1,1 kg","0,39 €  15,60 €/kg "
2204,"Viineripirukas, SELVERI PAGARID, ca 60 g","13,99 €  12,72 €/kg "
2205,"Täidisega kringel, PAGARIPOISID, 1 kg","0,59 €  9,83 €/kg "
2206,"Tosca kook rosinate ja pähklitega, REVAL KONDIITER, 700 g","6,99 €  6,99 €/kg "
2207,"Trühvlitort, REVAL KONDIITER, 500 g","8,99 €  12,84 €/kg "
2208,"Vegan Šokolaadikook 2 x 80g, PAGARIPOISID, 160 g","5,19 €  10,38 €/kg "
2209,"Moonipärg (täidetud), EUROPAGAR, 1 kg","3,69 €  23,06 €/kg "
2210,"Sefiiritort, PIHLAKA, 850 g","9,49 €  9,49 €/kg "
2211,"Surdegsbröt juuretisega leib, DR.SCHÄR, 240 g","9,99 €  11,75 €/kg "
2212,"Šokokeeks, EESTI PAGAR, 250 g","3,99 €  16,63 €/kg "
2213,"Kohupiima-vaarikakook sidrunikreemiga, GOURMET CLUB, 650 g","1,35 €  5,40 €/kg "
2214,"Puuvilja-kaeraküpsis, SELVERI PAGARID, ca 75 g","8,99 €  13,83 €/kg "
2215,"Juusturull, SELVERI PAGARID, ca 115 g","0,75 €  10,00 €/kg "
2216,"Kohupiimatasku, SELVERI PAGARID, ca 125 g","0,89 €  7,74 €/kg "
2217,"Moosipall, SELVERI PAGARID, ca 60g","0,89 €  7,12 €/kg "
2218,"Šokolaadi-Napoleoni kook, EESTI PAGAR, 400 g","0,55 €  10,00 €/kg "
2219,"Sõrnik kohupiimaga, SELVERI PAGARID, ca 75 g","3,69 €  9,23 €/kg "
2220,"Muffin šokoaladiga, SCHÄR, 65 g","0,59 € 7,87 €/kg "
2221,"Jänku-Jussi tort, PAGARIPOISID, 650 g","0,75 € 10,00 €/kg "
2222,"Mitmeviljakukkel, SELVERI PAGARID, ca 35 g","1,39 €  21,38 €/kg "
2223,"Trühvlitort, PAGARIPOISID, 1 kg","7,99 €  12,29 €/kg "
2224,"Halvaakook, LÕUNA PAGARID, 280 g","0,15 €  4,29 €/kg "
2225,"Cannoli`d kohupiimaga, MARTA PAGAR, 150 g","9,99 €  9,99 €/kg "
2226,"Minikookide kinkekarp 16 tk, REVAL KONDIITER, 328 g","3,99 €  14,25 €/kg "
2227,"Ahjuõunakook laktoosivaba, EUROPAGAR, 350 g","3,49 €  23,27 €/kg "
2228,"Puuviljakeeks, KUCHENMEISTER, 400 g","6,99 €  21,31 €/kg "
2229,Beseepõhjad 2tk.,"2,99 €  8,54 €/kg "
2230,"Kapsapirukas, SELVERI PAGARID, ca 62 g","2,69 €  6,73 €/kg "
2231,"Spinati-feta pirukas filotaigna, SELVERI PAGARID, ca 90g","2,79 €  11,63 €/kg "
2232,"Kook Red Velvet, GUSTAV, 350 g","0,49 €  7,90 €/kg "
2233,"Vahukreemikringel, EESTI PAGAR, 450 g","0,65 €  7,22 €/kg "
2234,"Maasika-kohupiimatort, EESTI PAGAR, 1,1 kg","6,49 €  18,54 €/kg "
2235,"Mustsõstra-pavlova rullkook, GOURMET CLUB, 540 g","3,69 €  8,20 €/kg "
2236,"Mustika-kodujuustu ahjutort, GUSTAV, 650 g","11,49 €  10,45 €/kg "
2237,"Kohupiima-vaarikatort, PIHLAKA, 1 kg","9,19 €  17,02 €/kg "
2238,"Tosca pidulik, PAGARIPOISID, 1kg","8,99 €  13,83 €/kg "
2239,"Rabarberitosca, REVAL KONDIITER, 700g","12,99 €  12,99 €/kg "
2240,Mini muretaignakorvike 16tk.,"9,99 €  9,99 €/kg "
2241,"Maasika-rabarberi kohupiimakook. Laktoosivaba, REVAL KONDIITER, 600 g","8,99 €  12,84 €/kg "
2242,"Mango-kohupiimakook, GUSTAV, 450 g","2,69 €  29,89 €/kg "
2243,"Miniekleerid naturaalse vahukoorega, EESTI KONDIITER, kg","8,39 €  13,98 €/kg "
2244,"Tort Trüffel, KUNO PLAAN, 1 kg","6,99 €  15,53 €/kg "
2245,"Baileyse Soolakaramelli Trühvlikook, GOURMET CLUB, 650 g","10,99 €  10,99 €/kg "
2246,"Küpsise-kohupiimatort kirssidega, MARTA PAGAR, 800 g","9,49 €  9,49 €/kg "
2247,"Šokolaadi passioni tort, MARTA PAGAR, 550 g","12,49 €  19,22 €/kg "
2248,"Kook Sipelgapesa, OLD TOWN BAKERY, 950 g","9,99 €  12,49 €/kg "
2249,"Mustsõstra-sefiiritort kohupiimaga, MARTA PAGAR, 600 g","7,99 €  14,53 €/kg "
2250,"Mooni rõngassai, ELTRUM, 350g","9,49 €  9,99 €/kg "
2251,"Parfee tort, PIHLAKA, 950 g","11,99 €  12,62 €/kg "
2252,"Viineripirukas sinepi-kurgitäidisega, SELVERI PAGARID, ca 160 g","1,39 €  8,69 €/kg "
2253,"Soolased salatikorvikesed, FLORA, 140g","2,79 €  19,93 €/kg "
2254,"Juustukook, PAGARINI, 850 g","12,99 €  15,28 €/kg "
2255,"Spinati-fetajuustu struudel, SELVERI PAGARID, ca 115 g","1,09 € 9,48 €/kg "
2256,"Rosina-õuna-kaneeli stritsel, SELVERI PAGARID, 470-480 g","1,49 € 12,96 €/kg "
2257,"Kohupiima-vaarikarulltort, GUSTAV, 670 g","2,06 €  4,29 €/kg "
2258,"Muffin Magdalenas, SCHÄR, 4x50 g","7,99 €  11,93 €/kg "
2259,"Rabarberi-kohupiima ahjutort, GUSTAV, 680 g","3,69 €  18,45 €/kg "
2260,"Tort Virmaline, EESTI LEIVATÖÖSTUS, 600 g","5,99 €  8,81 €/kg "
2261,"Õuna-kohupiima ahjutort, GUSTAV, 730 g","5,99 €  9,98 €/kg "
2262,"Juustukolmnurgad, FLORA, 115g","6,79 €  9,30 €/kg "
2263,"New York Cheesecake mini, SMACKERS, 500 g","2,79 €  24,26 €/kg "
2264,"Apelsini Truffe tort, EESTI LEIVATÖÖSTUS, 900 g","6,99 €  13,98 €/kg "
2265,"Kana-juustu pirukas filotaignas, SELVERI PAGARID, ca 87 g","12,99 €  14,43 €/kg "
2266,"Kohupiimakook, EESTI PAGAR, 300 g","0,89 €  10,23 €/kg "
2267,"Talusai, SELVERI PAGARID, ca 745 g","2,79 €  9,30 €/kg "
2268,"Kohupiima-apelsini stritsel, SELVERI PAGARID, 480-490 g","2,99 €  4,01 €/kg "
2269,"Soolased lusikakesed, OLD TOWN BAKERY, 200 g","2,69 €  5,49 €/kg "
2270,"Juustustritsel, SELVERI PAGARID, 320-330 g","3,59 €  17,95 €/kg "
2271,"Martsipani-kirsi stritsel, SELVERI PAGARID, 470-480 g","1,89 €  5,73 €/kg "
2272,"Singi-juustustritsel, SELVERI PAGARID, 440-450 g","2,79 €  5,81 €/kg "
2273,"7 Days mini multipakk kakaomaitseline, 7DAYS, 185 g","3,23 €  7,18 €/kg "
2274,"Jäätisetuutud, MARMITON, 110 g","1,29 €  6,97 €/kg "
2275,"Karamellistritsel, EUROPAGAR, 350 g","0,89 €  8,09 €/kg "
2276,"Kringel kohupiima-kirsimoosiga, EUROPAGAR, 1 kg","2,99 €  8,54 €/kg "
2277,"Belgia šokolaaditort, EUROPAGAR, 800 g","9,49 €  9,49 €/kg "
2278,"Kaneelisüda, EUROPAGAR, 200 g","9,99 €  12,49 €/kg "
2279,"Kelmikas Creme Brulee kook, MARTA PAGAR, 120 g","0,99 €  4,95 €/kg "
2280,"Vaarika-laimi tort, CLARA, 940 g","1,39 €  11,58 €/kg "
2281,"Fitcake, FITCAKE, 385 g","14,49 €  15,41 €/kg "
2282,"Kohupiima-küpsisetort, PAGARIPOISID, 1,1 kg","13,99 € 18,65 €/l "
2283,"Kohupiimakook sidrunikreemiga, GUSTAV, 550 g","10,99 €  9,99 €/kg "
2284,"Gruusia rahvusleib Puri, KILIKIA, 330 g","4,99 €  9,07 €/kg "
2285,"Gruusia leib Sothi, KILIKIA, 330 g","0,79 €  2,39 €/kg "
2286,"Fitcake Ricotta-Banaani-Mustika kook, EESTI LEIVATÖÖSTUS, 400 g","0,75 €  2,27 €/kg "
2287,"Küpsisetainas iirise tükkide ja karamelliga, VAN KOOK, 450 g","3,29 €  7,31 €/kg "
2288,"Küpsisetainas šokolaaditükkidega, VAN KOOK, 450 g","3,29 €  7,31 €/kg "
2289,"Mini multipakk kakao-vaniljemaitseline, 7DAYS, 185 g","3,29 €  7,31 €/kg "
2290,"Šokolaadi Cookie & mustika tort, GOURMET CLUB, 700 g","1,29 €  6,97 €/kg "
2291,"Šokolaadi-brownie tort, VAN KOOK, 1 kg","12,99 €  17,32 €/l "
2292,"Mangotort chia seemnetega, VAN KOOK, 900 g","14,59 €  14,59 €/kg "
2293,"Tort Talveunelm 800 g, SELVERI KÖÖK,","7,99 €  9,99 €/kg "
2294,"Haputaina Pehmik, EESTI PAGAR, 240 g","7,99 €  9,99 €/kg "
2295,"Röstsai seemnetega, EESTI PAGAR, 430 g","0,89 €  3,71 €/kg "
2296,"Burgerikukkel seesamiseemnetega, EESTI PAGAR, 320 g","0,99 €  2,30 €/kg "
2297,"Metsmaasika kohupiimakreemi tort, EMMA, 690 g","1,49 €  4,66 €/kg "
2298,"Toorjuustu-šokolaaditort, PIHLAKA, 1 kg","9,99 €  14,48 €/kg "
2299,"Rummikook, SELVERI KÖÖK, 320 g","2,49 €  7,78 €/kg "
2300,"Koogikesed Sipelgapesa, OLD TOWN BAKERY, 300 g","2,49 €  7,78 €/kg "
2301,"Koogikesed Sipelgapesa kondenspiimaga, OLD TOWN BAKERY, 300 g","3,99 €  13,30 €/kg "
2302,"Kohupiima-vahukoorekook kama ja pohladega, GUSTAV, 500 g","3,79 €  12,63 €/kg "
2303,"Vanaema õunakook, EESTI LEIVATÖÖSTUS, 400 g","6,99 €  13,98 €/kg "
2304,"Maasika-Greibi tort, EESTI PAGAR, 600 g","4,29 €  10,73 €/kg "
2305,"Apelsinibrülee tort, CLARA, 650 g","8,99 €  14,98 €/kg "
2306,"Kirsi-mustikatort, REVAL KONDIITER, 500 g","5,69 €  8,75 €/kg "
2307,"Pidupäevakook, SELVERI KÖÖK, 630 g","5,99 €  9,51 €/kg "
2308,"HULGI Hummus klassikaline 2tk, MARTA KULINAARIA, 2 x 150 g","2,30 €  7,67 €/kg "
2309,"Mannavaht, SELVERI KÖÖK, 200 g","0,59 €  2,95 €/kg "
2310,"Peedi-küüslaugu-majoneesisalat, SELVERI KÖÖK, 200 g","0,89 €  4,45 €/kg "
2311,"Vinegrett, SELVERI KÖÖK, 200 g","1,19 €  5,95 €/kg "
2312,"Kakaopuding kirsikastmega, SELVERI KÖÖK, 160 g","0,69 €  4,31 €/kg "
2313,"Vaarikatarretis, SELVERI KÖÖK, 160 g","0,99 €  6,19 €/kg "
2314,"Kapsa-porgandisalat, SELVERI KÖÖK, 200 g","0,99 €  4,95 €/kg "
2315,"Munavõie, SELVERI KÖÖK, 130 g","1,39 €  10,69 €/kg "
2316,"Vitamiinisalat, SELVERI KÖÖK, 200 g","1,19 €  5,95 €/kg "
2317,"Kapsa-porgandisalat, SELVERI KÖÖK, 500 g","1,79 €  3,58 €/kg "
2318,"Plov, SELVERI KÖÖK, 350 g","1,59 €  4,54 €/kg "
2319,"Suvemarja tarretis, SELVERI KÖÖK, 120 g","0,49 €  4,08 €/kg "
2320,"Küpsisemagustoit, SELVERI KÖÖK, 130 g","0,99 €  7,62 €/kg "
2321,"Teryaki kana-nuudliroog, SELVERI KÖÖK, 350 g","2,99 €  8,54 €/kg "
2322,"Kartuli-singisalat, SELVERI KÖÖK, 700 g","3,99 €  5,70 €/kg "
2323,"Kodune kartulisalat, SELVERI KÖÖK, 700 g","3,99 €  5,70 €/kg "
2324,"Kohupiimavaht maasikakastmega, SELVERI KÖÖK, 120 g","0,99 €  8,25 €/kg "
2325,"Oa-singisalat, SELVERI KÖÖK, 200 g","1,49 €  7,45 €/kg "
2326,"Pasta-suitsukanasalat, SELVERI KÖÖK, 700 g","3,99 €  5,70 €/kg "
2327,"Vitamiinisalat, SELVERI KÖÖK, 500 g","2,59 €  5,18 €/kg "
2328,"Sünnipäevasalat, SELVERI KÖÖK, 700 g","4,49 €  6,41 €/kg "
2329,"Makaroni-singisalat, SELVERI KÖÖK, 200 g","0,99 €  4,95 €/kg "
2330,"Mustikadessert, SELVERI KÖÖK, 150 g","0,59 €  3,93 €/kg "
2331,"Sünnipäevasalat, SELVERI KÖÖK, 200 g","1,49 €  7,45 €/kg "
2332,"Kodune rosolje, SELVERI KÖÖK, 700 g","3,69 €  5,27 €/kg "
2333,"Porgandi-ananassisalat, SELVERI KÖÖK, 200 g","0,99 €  4,95 €/kg "
2334,"Riisipuding maasikakastmega, SELVERI KÖÖK, 160 g","0,69 €  4,31 €/kg "
2335,"Leivasupp vahukoorekreemiga, SELVERI KÖÖK, 140 g","0,79 €  5,64 €/kg "
2336,"Kodune rosolje, SELVERI KÖÖK, 200 g","1,19 €  5,95 €/kg "
2337,"Kohvikreem, SELVERI KÖÖK, 130 g","0,99 €  7,62 €/kg "
2338,"Coleslaw salat, SELVERI KÖÖK, 200 g","1,19 €  5,95 €/kg "
2339,"Mangomaius chia seemnetega Fitlap, SELVERI KÖÖK, 130g","1,39 €  10,69 €/kg "
2340,"Kartuli-lihasalat, SELVERI KÖÖK, 700 g","4,49 €  6,41 €/kg "
2341,"Brüleekreem banaani-mangokastmega, SELVERI KÖÖK, 130 g","1,19 €  9,15 €/kg "
2342,"Peedi-lihasalat, SELVERI KÖÖK, 700 g","3,99 €  5,70 €/kg "
2343,"Mahe õuna-rukkivaht, SELVERI KÖÖK, 200 g","0,59 €  2,95 €/kg "
2344,"Kodune kartulisalat maasuitsusingiga, SELVERI KÖÖK, 700 g","4,79 €  6,84 €/kg "
2345,"Ühepajatoit lihaga, SELVERI KÖÖK, 500 g","2,99 €  5,98 €/kg "
2346,"Kõrvitsa-kohupiimapannkoogid, MAMMA, 200 g","2,39 €  11,95 €/kg "
2347,"Kookose-ricotta pannkoogid, MAMMA, 200g","2,39 €  11,95 €/kg "
2348,"Korea porgandisalat, SELVERI KÖÖK, 200 g","1,19 €  5,95 €/kg "
2349,"Caesari salat kanaga, SELVERI KÖÖK, 290 g","4,49 €  15,48 €/kg "
2350,"Panna cotta vaarikakastmega, SELVERI KÖÖK, 130 g","0,99 €  7,62 €/kg "
2351,"Kohupiima-maasikatarretis, SELVERI KÖÖK, 160 g","0,99 €  6,19 €/kg "
2352,"Kana-karrisalat, SELVERI KÖÖK, 200 g","1,99 €  9,95 €/kg "
2353,"Frikadellisupp, MAMMA, 300 g","1,99 €  6,63 €/kg "
2354,"Keedetud tatar, SELVERI KÖÖK, 350 g","0,79 €  2,26 €/kg "
2355,"Peedi-küüslaugu-majoneesisalat, SELVERI KÖÖK, 700 g","2,99 €  4,27 €/kg "
2356,"Keefiri-marjatarretis, SELVERI KÖÖK, 150 g","0,69 €  4,60 €/kg "
2357,"Glasuuritud tofu dessert kookoslaastudega, 41g, BALTAIS","0,59 €  14,75 €/kg "
2358,"Krabimaitseline riisisalat, SELVERI KÖÖK, 200 g","1,29 €  6,45 €/kg "
2359,"Makaroni-singisalat, SELVERI KÖÖK, 700 g","2,99 €  4,27 €/kg "
2360,"Kartuli-singisalat, SELVERI KÖÖK, 200 g","1,39 €  6,95 €/kg "
2361,"Kartulipuder, SELVERI KÖÖK, 500 g","2,49 €  4,98 €/kg "
2362,"Pannkoogid singi ja juustuga, MAMMA, 200 g","1,79 €  8,95 €/kg "
2363,"Singirullid küüslauguga, SELVERI KÖÖK, 200 g","2,99 €  14,95 €/kg "
2364,"Pannkoogid merevaigu ja suitsukanaga, MAMMA, 200 g","1,59 €  7,95 €/kg "
2365,"Peedi-lihasalat, SELVERI KÖÖK, 200 g","1,49 €  7,45 €/kg "
2366,"Ahjukartul värskete ürtidega, SELVERI KÖÖK, 350 g","1,49 €  4,26 €/kg "
2367,"Hakklihapitsa, SAARIOINEN, 200 g","1,79 €  8,95 €/kg "
2368,"Banaanimaius mandlilaastudega Fitlap, SELVERI KÖÖK, 130g","1,39 €  10,69 €/kg "
2369,"Pasta-suitsukanasalat, SELVERI KÖÖK, 200 g","1,39 €  6,95 €/kg "
2370,"Pannkoogid hakklihatäidisega, MAMMA, 200 g","1,79 €  8,95 €/kg "
2371,"Tomati basiiliku hummus, GOURMET CLUB, 200 g","2,89 €  14,45 €/kg "
2372,"Caesari-kanawrap, MAMMA, 220g","2,99 €  13,59 €/kg "
2373,"Glasuuritud tofu dessert šokolaadi, 41g, BALTAIS","0,59 €  14,75 €/kg "
2374,"Vaniljepuding kirsikastmega, SELVERI KÖÖK, 160 g","0,99 €  6,19 €/kg "
2375,"Toorjuustu-kirsimaius, SELVERI KÖÖK, 110 g","0,99 €  9,00 €/kg "
2376,"Banaani-kohupiimapannkoogid, MAMMA, 200 g","2,19 €  10,95 €/kg "
2377,"Hummus klassikaline, MARTA KULINAARIA, 150 g","1,29 €  8,60 €/kg "
2378,"Köögiviljapüree, SELVERI KÖÖK, 500 g","2,39 €  4,78 €/kg "
2379,"Singipitsa, SAARIOINEN, 200 g","1,79 €  8,95 €/kg "
2380,"Karamellipuding pohlakastmega, SELVERI KÖÖK, 160 g","0,99 €  6,19 €/kg "
2381,"Moussaka kanaga Fitlap, SELVERI KÖÖK, 350 g","2,19 €  6,26 €/kg "
2382,"Kikerherne-porgandi kotlet, MARTA KULINAARIA, 240 g","1,69 €  7,04 €/kg "
2383,"Porgandi-kinoakotlet, SELVERI KÖÖK, 270 g","1,59 €  5,30 €/kg "
2384,"Singirullid maitserohelisega, SELVERI KÖÖK, 200 g","2,99 €  14,95 €/kg "
2385,"Kana-köögivilja püreesupp, MAMMA, 300 g","2,49 €  8,30 €/kg "
2386,"Aedpeedi hummus, GOURMET CLUB, 200 g","2,89 €  14,45 €/kg "
2387,"Krabimaitseline riisisalat, SELVERI KÖÖK, 700 g","3,59 €  5,13 €/kg "
2388,"Kasukas, SELVERI KÖÖK, 440 g","2,59 €  5,89 €/kg "
2389,"Kana-kinoasalat ürdi-hapukoorekastmega Fitlap, SELVERI KÖÖK, 360g","4,49 €  12,47 €/kg "
2390,"Ahjukartul, SELVERI KÖÖK, 350 g","1,49 €  4,26 €/kg "
2391,"Philadelphia ja California Norimakid, SELVERI KÖÖK, 420 g","7,49 €  17,83 €/kg "
2392,"Singirulli-muna-lihavalik, SELVERI KÖÖK, 500 g","6,99 €  13,98 €/kg "
2393,"Kaera-õuna pannkoogid, MAMMA, 200 g","2,49 €  12,45 €/kg "
2394,"Vanilli kohupiimavorm rosinatega, FARMI, 250 g","2,19 €  8,76 €/kg "
2395,"Pasta Bolognese, SELVERI KÖÖK, 350 g","2,49 €  7,11 €/kg "
2396,"Kalkuniguljašš kartuliga, SELVERI KÖÖK, 400 g","2,99 €  7,48 €/kg "
2397,"Pannkoogid maasikalisandiga, MAMMA, 200 g","1,79 €  8,95 €/kg "
2398,"Lasanje bolognese kastmega, SELVERI KÖÖK, 350 g","2,79 €  7,97 €/kg "
2399,"Kanasalat mee-sinepikastmega, SELVERI KÖÖK, 310 g","4,59 €  14,81 €/kg "
2400,"Seljankapõhi, SELVERI KÖÖK, 500 g","1,99 €  3,98 €/kg "
2401,"Pasta Carbonara, SELVERI KÖÖK, 350 g","2,99 €  8,54 €/kg "
2402,"Pannkoogid kanatäidisega, MAMMA, 200 g","1,79 €  8,95 €/kg "
2403,"Kreveti-munasalat, SELVERI KÖÖK, 360 g","4,79 €  13,31 €/kg "
2404,"Hummus seesamiseemnete ja ürtidega, NOA, 175 g","2,69 €  15,37 €/kg "
2405,"Vegan võileivakate klassikaline, NATURE & MOI, 200 g","2,59 €  12,95 €/kg "
2406,"Leivakesed metsaseentega, SELVERI KÖÖK, 300 g","4,29 €  14,30 €/kg "
2407,"Rukkileivakesed kiluga, SELVERI KÖÖK, 280 g","3,99 €  14,25 €/kg "
2408,"Heeringasuupiste, SELVERI KÖÖK, 380 g","4,99 €  13,13 €/kg "
2409,"Juustupannkoogid, MAMMA, 200 g","2,19 €  10,95 €/kg "
2410,"Türgi oad küüslauguga, SELVERI KÖÖK, 200g","1,29 €  6,45 €/kg "
2411,"Philadelphia ja tuunikala uramakid, SELVERI KÖÖK, 440 g","6,99 €  15,89 €/kg "
2412,"Kikerherne-kapsa kotletid, MARTA KULINAARIA, 240 g","1,79 €  7,46 €/kg "
2413,"Leivakesed BBQ-lihaga, SELVERI KÖÖK, 270 g","4,99 €  18,48 €/kg "
2414,"Karulaugu hummus, GOURMET CLUB, 200 g","2,89 €  14,45 €/kg "
2415,"Tofu tilliga, BON, 250 g","1,99 €  7,96 €/kg "
2416,"Tomati-kikerherne püreesupp, MAMMA, 300 g","2,49 €  8,30 €/kg "
2417,"Tofu köömnetega, BON, 250 g","1,99 €  7,96 €/kg "
2418,"Vanilli kohupiimavorm, FARMI, 250 g","2,19 €  8,76 €/kg "
2419,"Praetud pelmeenid, UVIC, 350 g","2,19 €  6,26 €/kg "
2420,"Võileivatort maasuitsusingiga, SELVERI KÖÖK, 500 g","9,99 €  19,98 €/kg "
2421,"Kartulivorm maasuitsusingiga, SELVERI KÖÖK, 350 g","2,29 €  6,54 €/kg "
2422,"Vegan peedi kotletid, UVIC, 300 g","2,59 €  8,63 €/kg "
2423,"Köögiviljakotlet, SELVERI KÖÖK, 270 g","1,59 €  5,30 €/kg "
2424,"Praetud kodune kotlet, SELVERI KÖÖK, 230 g","2,79 €  12,13 €/kg "
2425,"Hummus päiksekuivatatud tomatiga, MARTA KULINAARIA, 150 g","1,99 €  13,27 €/kg "
2426,"California ja kuumsuitsuforelli uramakid, SELVERI KÖÖK, 440 g","6,99 €  15,89 €/kg "
2427,"Sõrnik, SELVERI KÖÖK, 240 g","2,79 €  11,63 €/kg "
2428,"Hummus, NOA, 175 g","2,69 €  15,37 €/kg "
2429,"Täidetud munad, SELVERI KÖÖK, 165 g","2,79 €  16,91 €/kg "
2430,"Tseburekid praetud, UVIC, 250 g","1,99 €  7,96 €/kg "
2431,"Kevadrullid tšillikastmega, SELVERI KÖÖK, 200 g","3,19 €  15,95 €/kg "
2432,"Minivõileivad lõhega, SELVERI KÖÖK, 260 g","5,99 €  23,04 €/kg "
2433,"Forellisupp, MAMMA, 300 g","2,79 €  9,30 €/kg "
2434,"Šokolaadipannkoogid, MAMMA, 200g","2,29 €  11,45 €/kg "
2435,"Taimne suitsuvorst, BON, 100 g","1,29 €  12,90 €/kg "
2436,"Hummus musta küüslauguga, MARTA KULINAARIA, 150 g","2,69 €  17,93 €/kg "
2437,"Kapsa-hakklihahautis, SELVERI KÖÖK, 500 g","2,99 €  5,98 €/kg "
2438,"Maamehe mulgipuder, SELVERI KÖÖK, 500 g","1,99 €  3,98 €/kg "
2439,"Pannkoogid vaarikalisandiga, MAMMA, 200 g","1,79 €  8,95 €/kg "
2440,"Tofu küüslauguga, BON, 250 g","2,39 €  9,56 €/kg "
2441,"Maksastroganov, SELVERI KÖÖK, 400 g","1,59 €  3,98 €/kg "
2442,"Makaronivorm maasuitsusingiga, SELVERI KÖÖK, 300 g","1,79 €  5,97 €/kg "
2443,"Juustune kapsa-hakklihavorm, SELVERI KÖÖK, 350 g","2,59 €  7,40 €/kg "
2444,"Lihapallid kartulipudruga, SELVERI KÖÖK, 450 g","3,29 €  7,31 €/kg "
2445,"Taimne grillvorst paprikaga, BON, 250 g","1,99 €  7,96 €/kg "
2446,"Tofu kroket ürtidega, BON SOYA, 200 g","1,89 €  9,45 €/kg "
2447,"Hakklihakaste, SELVERI KÖÖK, 400 g","2,99 €  7,48 €/kg "
2448,"Oa-peedikotlet, MARTA KULINAARIA, 240g","2,49 €  10,38 €/kg "
2449,"Kikerherne-porgandi pallid, MARTA KULINAARIA, 200 g","1,89 €  9,45 €/kg "
2450,"Kurzeme strooganov koduse kartuliga, SELVERI KÖÖK, 400g","2,99 €  7,48 €/kg "
2451,"Hernesupp, MAMMA, 300 g","2,19 €  7,30 €/kg "
2452,"Kanafilee kotlet riisi ja köögiviljadega, SELVERI KÖÖK, 450g","2,99 €  6,64 €/kg "
2453,"Vegan porgandi-kapsa šnitsel, UVIC, 310 g","2,39 €  7,71 €/kg "
2454,"Koorene kartulivorm, SELVERI KÖÖK, 300 g","2,19 €  7,30 €/kg "
2455,"Maksastroganov tatraga, SELVERI KÖÖK, 400 g","1,99 €  4,98 €/kg "
2456,"Kalkuniguljašš, SELVERI KÖÖK, 400 g","3,99 €  9,98 €/kg "
2457,"Makaronid hakklihaga, SELVERI KÖÖK, 300 g","1,99 €  6,63 €/kg "
2458,"Määre läätse ja karriga, NOA, 175 g","2,69 €  15,37 €/kg "
2459,"Rukkileivatort kalaga, SELVERI KÖÖK, 650 g","6,99 €  10,75 €/kg "
2460,"Vöner, viilutatud, VÖNER, 200 g","4,19 €  20,95 €/kg "
2461,"Lillkapsa-brokkolivorm, SELVERI KÖÖK, 300 g","1,99 €  6,63 €/kg "
2462,"Taimne viiner, BON, 250 g","2,19 €  8,76 €/kg "
2463,"Kaera süda, MARTA KULINAARIA, 220 g","2,19 €  9,95 €/kg "
2464,"Kodune kartul röstsibulaga, SELVERI KÖÖK, 250 g","1,79 €  7,16 €/kg "
2465,"Praetud Vegan Tseburekid 2tk, UVIC, 170 g","1,99 €  11,71 €/kg "
2466,"Vegan võileivakate tomat-basiilik, NATURE & MOI, 200 g","2,69 €  13,45 €/kg "
2467,"Kuldsed ahjujuurviljad, SELVERI KÖÖK, 300g","2,29 €  7,63 €/kg "
2468,"Mulgikapsas, SELVERI KÖÖK, 350 g","1,39 €  3,97 €/kg "
2469,"Ravioolid metsaseene ja ricotaga, FINEDINE, 300 g","2,99 €  9,97 €/kg "
2470,"Määre punase oa ja paprikaga, NOA, 175 g","2,69 €  15,37 €/kg "
2471,"Ravioolid päikesekuivatatud tomati ja riccotaga, FINEDINE, 300 g","2,79 €  9,30 €/kg "
2472,"Minivõileivad ahjufileega, SELVERI KÖÖK, 320 g","6,79 €  21,22 €/kg "
2473,"Kurzeme strooganov, SELVERI KÖÖK, 400g","3,79 €  9,48 €/kg "
2474,"Vürtsikas kanasalat päikesekuivatatud tomatiga Fitlap, SELVERI KÖÖK, 310 g","3,79 €  12,23 €/kg "
2475,"Krevetisalat ürdi-hapukoorekastmega Fitlap, SELVERI KÖÖK, 310 g","4,79 €  15,45 €/kg "
2476,"Poke'-kauss kanaga, SELVERI KÖÖK, 350 g","4,99 €  14,26 €/kg "
2477,"Poke'-kauss forelliga, SELVERI KÖÖK, 350 g","4,99 €  14,26 €/kg "
2478,"Poke'-kauss tuunikalaga, SELVERI KÖÖK, 350 g","4,99 €  14,26 €/kg "
2479,"Poke'-kauss krevetiga, SELVERI KÖÖK, 350 g","4,99 €  14,26 €/kg "
2480,"Kana ranch võileib kaerasaiaga, MAMMA, 165 g","2,69 €  16,30 €/kg "
2481,"Grillburger, MAMMA, 200 g","2,39 €  11,95 €/kg "
2482,"Juustupikuke singiga, MAMMA, 135 g","1,99 €  14,74 €/kg "
2483,"Tatra-suitsukanasalat, SELVERI KÖÖK,","4,69 €  6,70 €/kg "
2484,"Punane hapukapsas musta trühvli ja pardirasvaga, GOURMET CLUB, 500 g","4,29 €  8,58 €/kg "
2485,"Hapukapsas apelsini ja ingveriga, GOURMET CLUB, 500 g","4,29 €  8,58 €/kg "
2486,"Rukkileib omleti ja singiga, MAMMA, 150 g","2,19 €  14,60 €/kg "
2487,"Kohupiimapannkoogid, MAMMA, 200 g","2,29 €  11,45 €/kg "
2488,"Ravioolid spinati ja ricotaga, FINEDINE, 300 g","2,99 €  9,97 €/kg "
2489,"Vinegrett, SELVERI KÖÖK, 600 g","2,99 €  4,98 €/kg "
2490,"Porgandikotletid, KARNI, 300 g","2,69 €  8,97 €/kg "
2491,"Punapeedikotletid, KARNI, 300 g","2,69 €  8,97 €/kg "
2492,"Kapsa-hernepihvid, KARNI, 300 g","2,69 €  8,97 €/kg "
2493,"India mango ja karri hummus, GOURMET CLUB, 200 g","2,89 €  14,45 €/kg "
2494,"Maroko läätse ja harissa hummus, GOURMET CLUB, 200 g","2,89 €  14,45 €/kg "
2495,"Seljanka, SELVERI KÖÖK, 400g","2,19 €  5,48 €/kg "
2496,"Borš sealiha ja hapukapsaga, SELVERI KÖÖK, 400g","2,19 €  5,48 €/kg "
2497,"Brokolipüreesupp kookospiimaga, SELVERI KÖÖK, 400g","2,99 €  7,48 €/kg "
2498,"Gazpacho, SELVERI KÖÖK, 400g","3,49 €  8,73 €/kg "
2499,"Hapukapsasupp maasuitsusingiga, SELVERI KÖÖK, 400g","2,19 €  5,48 €/kg "
2500,"Kõrvitsapüreesupp kikerhernestega, SELVERI KÖÖK, 400g","2,99 €  7,48 €/kg "
2501,"Hernesupp maasuitsusingiga, SELVERI KÖÖK, 400g","2,19 €  5,48 €/kg "
2502,"Kanarullid mee-sinepikastmega, SELVERI KÖÖK,","8,99 €  17,98 €/kg "
2503,"Kuumsuitsuforellirullid teriyaki kastmega, SELVERI KÖÖK,","10,99 €  21,98 €/kg "
2504,"Helbed seemnete ja kliidega, VESKI MATI, 500 g","0,89 €  1,78 €/kg "
2505,"Hernesupp, 3MIN, 500 g","1,19 €  2,38 €/kg "
2506,"HULGI Jahvatatud kohv Pausa 4tk, SEGAFREDO, 4 x 450 g","0,79 € 2,39 €/l "
2507,"HULGI Jahvatatud tassikohv In-Cup 3tk, MERRILD, 3 x 400 g","9,99 € 13,32 €/l "
2508,"Kiirnuudlid juustu- ja ürdimaitselised, KNORR, 61 g","0,49 €  8,03 €/kg "
2509,"Küüslaugukurk, SALVEST, 675 g","1,79 €  4,97 €/kg "
2510,"HULGI Lahustuv kohv Classic 2in1 2tk, NESCAFE, 2 x (28x8g)","13,00 €  7,22 €/kg "
2511,"HULGI Lahustuv kohv Cronat Gold 2tk, JACOBS, 2 x 200 g","8,49 €  7,08 €/kg "
2512,"Letsho, SALVEST, 680 g","1,49 €  2,19 €/kg "
2513,"Magus-vürtsikas köögiviljasalat, SALVEST, 380 g","2,39 €  6,29 €/kg "
2514,"Täistera puuviljamüsli, VESKI MATI, 500 g","2,49 €  4,98 €/kg "
2515,"Röstitud jämedad kaerahelbed, VESKI MATI, 1 kg","1,19 €  1,19 €/kg "
2516,"Ühepajatoit sealihaga, SALVEST, 530 g","2,19 €  4,13 €/kg "
2517,"Spagetid Spaghetti, PANZANI, 500 g","1,19 €  2,38 €/kg "
2518,"HULGI Must tee Yellow Label 50pk 4tk, LIPTON, 4 x 100 g","8,99 € 11,99 €/l "
2519,"Teokarbikujulised kakaohelbed, FOXI, 500 g","1,49 €  2,98 €/kg "
2520,"Õunamoos, SALVEST MEIE MARI, 350g","2,29 €  6,54 €/kg "
2521,"Jahvatatud kohv Krönung, JACOBS, 500 g","0,79 €  2,39 €/l "
2522,"Nisujahu kõrgem sort (t-405), KALEW, 1 kg","0,79 €  0,79 €/kg "
2523,"Tükeldatud tomatid, REGGIA, 400 g","0,99 €  4,13 €/kg "
2524,"Jahvatatud filtrikohv Presidentti Original, PAULIG, 500 g","1,49 € 0,99 €/l "
2525,"Võileivakurk, PÕLTSAMAA, 460 g","1,99 €  8,29 €/kg "
2526,"Nisujahu eriti hea, VESKI MATI, 1 kg","1,19 €  1,19 €/kg "
2527,"Täistera kiirkaerahelbed, TARTU MILL, 500 g","0,99 €  1,98 €/kg "
2528,"Maitselt mahe kurk, SALVEST, 675 g","2,19 €  6,08 €/kg "
2529,"Durumnisujahupasta Cornetti, TARTU MILL, 500 g","0,79 €  1,58 €/kg "
2530,"Kiirnuudlid kanalihamaitselised, ROLLTON, 60 g","0,39 €  6,50 €/kg "
2531,"Punased oad Kidney, BONDUELLE, 425 ml","1,29 €  5,38 €/kg "
2532,"Purustatud tomatid öko, BENESCA, 400g","1,39 €  3,48 €/kg "
2533,"Jahvatatud presskannukohv Classic, PAULIG, 500 g","4,39 €  8,78 €/kg "
2534,"Durumnisujahupasta Fusilli, TARTU MILL, 500 g","0,79 €  1,58 €/kg "
2535,"Magus mais, BONDUELLE, 212 ml","0,89 €  6,36 €/kg "
2536,"Durumnisujahupasta Penne, TARTU MILL, 500 g","0,79 €  1,58 €/kg "
2537,"Nisujahu (t 405), KALEW, 2 kg","1,59 €  0,80 €/kg "
2538,"Küpsetatud aedoad tomatikastmes, HEINZ, 415 g","1,49 €  3,59 €/kg "
2539,"Neljaviljahelbed, HELEN, 500 g","0,99 €  1,98 €/kg "
2540,"Virsikud, SELVER, 850 ml","1,59 €  3,24 €/kg "
2541,"Kikerherned vees, ORGANIC FOODS, 400 g","1,29 €  5,38 €/kg "
2542,"Nisujahu T550, KALEW, 1 kg","0,79 €  0,79 €/kg "
2543,"Minikurk, PÕLTSAMAA, 330 g","1,89 €  9,95 €/kg "
2544,"Jahvatatud filtrikohv Classic, PAULIG, 500 g","1,59 € 3,18 €/l "
2545,"Magus mais, BONDUELLE, 425 ml","1,39 €  4,88 €/kg "
2546,"Kiirkaerahelbed, HELEN, 500 g","1,19 €  2,38 €/kg "
2547,"Maasikamoos, PÕLTSAMAA, 600 g","3,79 €  6,32 €/kg "
2548,"Nisujahu kõrgem sort (t-550), KALEW, 2 kg","1,49 €  0,75 €/kg "
2549,"Riivsai, TARTU MILL, 400 g","1,19 €  2,98 €/kg "
2550,"Värskekapsaborš, SALVEST, 530 g","2,29 €  4,32 €/kg "
2551,"Kiirpuder Mustika, VESKI MATI, 45 g","0,49 €  10,89 €/kg "
2552,"Purustatud tomatid, ELDORADO, 390 g","0,99 €  2,54 €/kg "
2553,"Hapukapsaborš veiselihaga, SALVEST, 530 g","2,59 €  4,89 €/kg "
2554,"Maasikamoos, PÕLTSAMAA, 380 g","2,89 €  7,61 €/kg "
2555,"Kodune marineeritud kurk, PÕLTSAMAA, 680 g","1,99 €  5,53 €/kg "
2556,"Tükeldatud tomatid, CAMPAGNA, 400 g","0,79 €  3,29 €/kg "
2557,"Kamapallid, BALSNACK, 150 g","1,59 €  10,60 €/kg "
2558,"Perekurgid terved, PÕLTSAMAA, 680 g","2,19 €  6,08 €/kg "
2559,"Durumnisujahust spagetid nr.7, TARTU MILL, 500 g","0,79 €  1,58 €/kg "
2560,"Riis Basmati 4 x 125 g, BOSTO, 500 g","2,39 €  4,78 €/kg "
2561,"Värskekapsaborš veiselihaga, SALVEST, 530 g","2,69 €  5,08 €/kg "
2562,"Tatar, VESKI MATI, 1 kg","1,99 €  1,99 €/kg "
2563,"Kiirnuudlid vürtsika kanaga, ROLLTON, 60 g","0,39 €  6,50 €/kg "
2564,"Pähklikreem, NUTELLA, 600 g","5,99 €  9,98 €/kg "
2565,"Pähklikreem, NUTELLA, 350 g","3,79 €  10,83 €/kg "
2566,"Punased Kidney oad, HEINZ, 400 g","1,19 €  5,41 €/kg "
2567,"Roheline hernes, BONDUELLE, 425 ml","1,39 €  5,25 €/kg "
2568,"Pasta Spaghetti, REGGIA, 500 g","1,19 €  2,38 €/kg "
2569,"Tatar, BALTIX, 400 g","1,29 €  3,23 €/kg "
2570,"Pajaroog Hawaii, BLA BAND, 195 g","2,39 €  12,26 €/kg "
2571,"Pikateraline riis 4 x 125 g, BOSTO, 500 g","1,39 €  2,78 €/kg "
2572,"Pasta durum Chiffari Lisci, TARTU MILL, 500 g","0,79 €  1,58 €/kg "
2573,"Kõrvitsasalat, PÕLTSAMAA, 560 g","1,89 €  6,10 €/kg "
2574,"Täistera neljaviljahelbed, TARTU MILL, 500 g","0,99 €  1,98 €/kg "
2575,"Täisterakaerahelbed, HELEN, 500 g","1,19 €  2,38 €/kg "
2576,"Tordipulber Juubeli, VILMA, 450 g","1,79 €  3,98 €/kg "
2577,"Kooritud tomatid, REGGIA, 400 g","0,99 €  4,13 €/kg "
2578,"Vaarikamoos, PÕLTSAMAA, 380 g","2,99 €  7,87 €/kg "
2579,"Herned, BONDUELLE, 212 ml","0,89 €  6,85 €/kg "
2580,"Riisihelbed, HELEN, 500 g","1,39 €  2,78 €/kg "
2581,"Krõbe müsli tumeda shokolaadiga, SANTE, 350 g","2,29 €  6,54 €/kg "
2582,"Riis pruun 4 x 125 g, BOSTO, 500 g","1,59 €  3,18 €/kg "
2583,"Müslibatoon šokolaadi-banaani, CORNY BIG, 50 g","0,79 €  15,80 €/kg "
2584,"Kodune seljanka, PÕLTSAMAA, 530 g","2,89 €  5,45 €/kg "
2585,"8-viljahelbed kliidega, VESKI MATI, 500 g","1,29 €  2,58 €/kg "
2586,"Kikerherned, CAMPAGNA, 400 g","0,99 €  4,13 €/kg "
2587,"Maisikepikesed, LOTTE, 130 g","0,89 €  6,85 €/kg "
2588,"Manna, TARTU MILL, 1 kg","0,89 €  0,89 €/kg "
2589,"Kaneelimaitselised nisuruudud Cini-Minis, NESTLE, 645 g","4,99 €  7,74 €/kg "
2590,"Kirsikompott kivideta, GREENHOUSE, 680 g bruto","2,49 €  6,73 €/kg "
2591,"Hommikusöök Cini Minis, NESTLÉ, 450 g","3,99 €  8,87 €/kg "
2592,"Hernesupp suitsulihaga, PÕLTSAMAA, 530 g","2,29 €  4,32 €/kg "
2593,"Mustsõstramoos, PÕLTSAMAA, 380 g","2,69 €  7,08 €/kg "
2594,"Risotoriis, VESKI MATI, 500 g","1,79 €  3,58 €/kg "
2595,"Kulta Katriina filtrikohv, MEIRA, 450 g","1,39 € 0,93 €/l "
2596,"Päikesekuivatatud tomatid päevalilleõlis, CITRES, 290 g","2,69 €  9,28 €/kg "
2597,"Õhukesed pannkoogid, TARTU MILL, 400 g","1,19 €  2,98 €/kg "
2598,"Kana-nuudlisupp, PODRAVKA, 62 g","0,69 €  11,13 €/kg "
2599,"Frikadellisupp, SALVEST, 530 g","2,59 €  4,89 €/kg "
2600,"Padjakesed piimamaitselise täidisega, START, 250 g","1,49 €  5,96 €/kg "
2601,"Basmati riis, VESKI MATI, 500 g","2,19 €  4,38 €/kg "
2602,"Pikateraline riis, TARTU MILL, 1 kg","1,59 €  1,59 €/kg "
2603,"Värskekapsaborš veiselihaga, PÕLTSAMAA, 530 g","2,59 €  4,89 €/kg "
2604,"Kakaoga teraviljahelbed, OHO!, 150 g","0,89 €  5,93 €/kg "
2605,"Juubeli tordipulber, TARTU MILL, 450 g","1,49 €  3,31 €/kg "
2606,"Kiirkaerahelbed, NORDIC, 500 g","1,29 €  2,58 €/kg "
2607,"Vaarikamoos, KÜLLUS, 400 g","2,89 €  7,23 €/kg "
2608,"Kaerahelbed, TARTU MILL, 500 g","0,69 €  1,38 €/kg "
2609,"Pasta Fusilli, REGGIA, 500 g","1,19 €  2,38 €/kg "
2610,"Kulta Katriina presskannukohv, MEIRA, 450 g","1,79 € 6,39 €/kg "
2611,"Kooritud tomatid, CAMPAGNA, 400 g","0,79 €  3,29 €/kg "
2612,"Kiirnuudlid kanamaitselised, KNORR, 61 g","0,59 €  9,67 €/kg "
2613,"Salatikurk, SALVEST, 395g neto","1,59 €  4,03 €/kg "
2614,"Krõbe müsli punaste marjadega, SANTE, 350 g","2,29 €  6,54 €/kg "
2615,"Tai Jasmiini riis 4 x 125 g, BOSTO, 500 g","1,79 €  3,58 €/kg "
2616,"Kaerahelbed peened, VESKI MATI, 1 kg","1,79 €  1,79 €/kg "
2617,"Kanaborš, PÕLTSAMAA, 530 g","2,49 €  4,70 €/kg "
2618,"Mahe täistera jämedad kaerahelbed, TARTU MILL, 500 g","1,39 €  2,78 €/kg "
2619,"Õunakaste, SALVEST, 530 g","1,69 €  3,19 €/kg "
2620,"Müsli šokolaadiga, BONA VITA, 375 g","1,99 €  5,31 €/kg "
2621,"Mustad oad vees, ORGANIC FOODS, 400 g","1,19 €  4,96 €/kg "
2622,"Täistera pruun riis, VESKI MATI, 400 g","1,19 €  2,98 €/kg "
2623,"Kodune seljanka, SALVEST, 530 g","2,89 €  5,45 €/kg "
2624,"Fusilli, PANZANI, 1 kg","2,69 €  2,69 €/kg "
2625,"Saaremaa pähklimüsli, SAARE LEIB, 350 g","3,59 €  10,26 €/kg "
2626,"Juustupüreesupp krutoonidega, KNORR, 22 g","0,49 €  22,27 €/kg "
2627,"Täistera fusilli, TARTU MILL, 500 g","0,89 €  1,78 €/kg "
2628,"Kohvikapslid Cupsolo Classic, PAULIG, 16 tk","4,69 € 2,35 €/l "
2629,"Täistera jämedad kaerahelbed, TARTU MILL, 1kg","1,39 €  1,39 €/kg "
2630,"Nuudliroog Teryaki kanamaitseline, OYAKATA, 93 g","1,29 €  13,44 €/kg "
2631,"Frikadellisupp, PÕLTSAMAA, 530 g","2,59 €  4,89 €/kg "
2632,"Kirsimoos, KÜLLUS, 400 g","2,89 €  7,23 €/kg "
2633,"Pasta juustu-koore kastmes, KNORR, 62 g","1,49 €  27,09 €/kg "
2634,"Piknikukurk terve, PÕLTSAMAA, 680 g","2,19 €  6,08 €/kg "
2635,"Kamajahu, TARTU MILL, 400 g","1,59 €  3,98 €/kg "
2636,"Hernesupp suitsulihaga, SALVEST, 530 g","2,49 €  4,70 €/kg "
2637,"Võileivakurk, SALVEST, 460 g","1,99 €  8,29 €/kg "
2638,"Hommikusöök Corn Flakes, NESTLÉ, 250 g","1,79 €  7,16 €/kg "
2639,"Tatar, VESKI MATI, 500 g","1,19 €  2,38 €/kg "
2640,"Hommikusöök Cookie Crisp, NESTLÉ, 425 g","3,99 €  9,39 €/kg "
2641,"Tatar, SELVER, 1 kg","1,69 €  1,69 €/kg "
2642,"Kohvioad Crema E Aroma, LAVAZZA, 1 kg","1,39 € 2,78 €/l "
2643,"Manna, VESKI MATI, 500 g","0,79 €  1,58 €/kg "
2644,"Pasta Elbows, REGGIA, 500 g","1,19 €  2,38 €/kg "
2645,"Hapukapsaborš, SALVEST, 530 g","2,19 €  4,13 €/kg "
2646,"Rukkitäisterajahu, TARTU MILL, 1,5 kg","1,19 €  0,79 €/kg "
2647,"Neljavilja krõbusk, BALSNACK, 200 g","1,19 €  5,95 €/kg "
2648,"Kana kiirsupp nuudlitega, MAGGI, 14 g","0,39 €  27,86 €/kg "
2649,"Juustusupp saiakuubikutega, MAGGI, 19 g","0,39 €  20,53 €/kg "
2650,"Täistera jämedad kaerahelbed, TARTU MILL, 500 g","0,99 €  1,98 €/kg "
2651,"Jahvatatud kohv Qualita Oro, LAVAZZA, 250 g","6,99 € 9,32 €/l "
2652,"Oad tomati kastmes, NOLIKO, 370 ml","1,29 €  3,49 €/l "
2653,"Ramen kanalihamaitseline kiirnuudlisupp, OYAKATA, 63 g","1,19 €  18,89 €/kg "
2654,"Müslibatoon jõhvikatega, CORNY BIG, 50 g","0,79 €  15,80 €/kg "
2655,"Hernesupp suitsuribilihaga, SALVEST, 560 g","2,49 €  4,45 €/kg "
2656,"Pasta Fusilli, PRESTO, 400 g","0,59 €  1,48 €/kg "
2657,"Müslibatoon šokolaadi ja pähklitega, HERKULESS, 25 g","0,39 €  15,60 €/kg "
2658,"Kanasupp, PÕLTSAMAA, 530 g","2,29 €  4,32 €/kg "
2659,"Basiiliku pesto, GOURMANTE, 190 g","2,39 €  12,58 €/kg "
2660,"Õhukese pitsapõhja pulber, VILMA, 400 g","1,19 €  2,98 €/kg "
2661,"Magus kurk SALVEST, 675 g","1,89 €  5,25 €/kg "
2662,"Odrakruup, TARTU MILL, 1 kg","0,89 €  0,89 €/kg "
2663,"Kohvioad Classic, PAULIG, 1 kg","1,29 €  11,73 €/kg "
2664,"Kartulipüree peekoni ja sibulaga, KNORR, 51 g","1,49 €  2,92 €/kg "
2665,"Guljašš, SALVEST, 530 g","2,99 €  5,64 €/kg "
2666,"Täistera nisujahu, KALEW, 1 kg","0,99 €  0,99 €/kg "
2667,"Müslibatoon piimašokolaadiga Brownie, CORNY BIG, 50 g","0,79 €  15,80 €/kg "
2668,"Kohvioad Arabica, PAULIG, 1 kg","1,39 € 2,45 €/l "
2669,"Nuudliroog Japanese Classic, OYAKATA, 93 g","1,29 €  13,87 €/kg "
2670,"Müslibatoon šokolaadi ja maapähkli, CORNY BIG, 50 g","0,79 €  15,80 €/kg "
2671,"Kõrvitsapüreesupp kookospiimaga Öko, PRESTO, 300 g","2,99 €  9,97 €/kg "
2672,"Kohvikapslid Cupsolo Mexico, PAULIG, 16 tk","5,99 €  0,37 €/tk "
2673,"Hapukapsasupp sealihaga, SALVEST, 530 g","2,59 €  4,89 €/kg "
2674,"Hommikusöök Nesquik, NESTLÉ, 450 g","3,99 €  8,87 €/kg "
2675,"Hernesupp sealihaga, SALVEST, 530 g","2,49 €  4,70 €/kg "
2676,"Mahe täistera kiirkaerahelbed, TARTU MILL,","1,39 €  2,78 €/kg "
2677,"Mini Fusilli spiraalid, PANZANI, 500 g","1,69 €  3,38 €/kg "
2678,"Pajaroog Tex Mex, BLA BAND, 193 g","2,39 €  12,38 €/kg "
2679,"Pille pisikesed pannkoogid, TARTU MILL, 400 g","1,29 €  3,23 €/kg "
2680,"Pilaff, SALVEST, 530 g","2,39 €  4,51 €/kg "
2681,"Võimaitseline kartulipüree tilliga, MAGGI, 35 g","0,39 €  11,14 €/kg "
2682,"Pikateraline riis, BALTIX, 400 g","0,79 €  1,98 €/kg "
2683,"Gluteenivabad suured täisterakaerahelbed, ELOVENA, 500 g","2,29 €  4,58 €/kg "
2684,"Šokolaadiga riis, OHO, 500 g","2,59 €  5,18 €/kg "
2685,"Hapukapsaborš sealihaga, SALVEST, 530 g","2,59 €  4,89 €/kg "
2686,"Mangopüree 100%, BONNE, 500 ml","2,69 €  5,38 €/l "
2687,"Mustikamoos, PÕLTSAMAA, 380 g","2,99 €  7,87 €/kg "
2688,"Mustad oliivid kivideta, FIGARO, 240 g","1,19 €  10,82 €/kg "
2689,"Päikesekuivatatud tomatid, GOURMANTE, 260 g","3,69 €  24,60 €/kg "
2690,"Maitsestatud must tee metsamarja, LIPTON, 34 g","6,99 € 9,64 €/l "
2691,"Muffinid, TARTU MILL, 400 g","1,29 €  3,23 €/kg "
2692,"Specialita Penne Rigate, PANZANI, 500 g","1,49 €  2,98 €/kg "
2693,"Spiraal Fusilli international, PANZANI, 500 g","1,49 €  2,98 €/kg "
2694,"Kohvikapslid Dolce Gusto Grande Intenso, NESCAFE, 16 tk","2,19 €  64,41 €/kg "
2695,"Mustad kivideta oliivid, BORGES, 220 g","1,39 €  12,64 €/kg "
2696,"Šokolaadimüsli meega, START, 375 g","1,99 €  5,31 €/kg "
2697,"Segu Sphagetti Bolognese, MAGGI, 44 g","0,89 €  20,23 €/kg "
2698,"Portsjonkakao, LE ROYAL, 25 g","0,89 € 1,78 €/l "
2699,"Ananassi seibid, GREEN, 565 g","1,79 €  5,26 €/kg "
2700,"Pannkoogimoos, MEIE MARI, 350g","2,29 €  6,54 €/kg "
2701,"Šampinjonid viilutatud, PRO CHAMP, 290 g","0,99 €  6,39 €/kg "
2702,"Kirsikompott kivideta, SUVEL, 715 g","2,39 €  6,64 €/kg "
2703,"Kivideta rohelised oliivid, GOURMANTE, 360 g","2,59 €  14,39 €/kg "
2704,"Must tee Yellow Label 50pk, LIPTON, 100 g","1,79 €  1,79 €/l "
2705,"Šokolaadimuffinipulber, VILMA, 400 g","1,69 €  4,23 €/kg "
2706,"Riis sõmer, VESKI MATI, 1 kg","2,29 €  2,29 €/kg "
2707,"Perekurk viiludena, PÕLTSAMAA, 680 g","2,19 €  6,08 €/kg "
2708,"Eelkeedetud sõmer riis, TARTU MILL, 1 kg","1,89 €  1,89 €/kg "
2709,"Jahimehesalat, PÕLTSAMAA, 550 g","2,49 €  4,53 €/kg "
2710,"Maasikamoos (pudelis), PÕLTSAMAA, 390 g","2,99 €  7,67 €/kg "
2711,"Lahustuv kohv Classic 3in1 16,5g, NESCAFE, 16,5 g","2,39 €  23,90 €/kg "
2712,"Hommikusöök Cookie Crisp, NESTLÉ, 625 g","4,99 €  7,98 €/kg "
2713,"Teraviljahelbed Lion, NESTLÉ, 425 g","3,99 €  9,39 €/kg "
2714,"Maasikamoos marjadega, RÕNGU, 1 kg","4,99 €  4,99 €/kg "
2715,"Kiirpuder Jõhvika, VESKI MATI, 45 g","0,49 €  10,89 €/kg "
2716,"Kohvikapslid Espresso Supremo, PAULIG, 16 tk","1,39 € 2,78 €/l "
2717,"Hommikusöök Fitness, NESTLÉ, 375 g","3,99 €  10,64 €/kg "
2718,"Padjad kakaomaitselise täidisega, START, 250 g","1,49 €  5,96 €/kg "
2719,"Nuudlid vürtsika kanalihamaitselised, KNORR, 70g","0,79 €  11,29 €/kg "
2720,"Kaerahelbed, SELVER, 500 g","0,45 €  0,90 €/kg "
2721,"Lasanjeplaadid, REGGIA, 500 g","2,29 €  4,58 €/kg "
2722,"Keskmiselt röstitud presskannukohv, LUXUS, 500 g","7,99 € 15,98 €/l "
2723,"Hommikusöögibatoon Nesquik, NESTLÉ, 25 g","0,49 €  19,60 €/kg "
2724,"Kohvioad Crema, MERRILD, 1 kg","8,99 € 17,98 €/l "
2725,"Lahustuv kohv Classic 3in1 (kott), NESCAFE, 10x16,5 g","12,99 €  12,99 €/kg "
2726,"Basmati riis, ROYAL HERITAGE, 1 kg","4,19 €  4,19 €/tk "
2727,"Müsli maasikatega, BONA VITA, 375 g","1,99 €  5,31 €/kg "
2728,"Lahustuv kakao, NESQUIK, 400 g","2,59 €  2,59 €/l "
2729,"Ramen miso-pasta maitseline kiirnuudlisupp, OYAKATA, 66 g","1,19 €  18,03 €/kg "
2730,"Kana püreesupp saiakuubikutega, MAGGI, 16 g","0,39 €  24,38 €/kg "
2731,"Mulgipuder sealihaga, SALVEST, 530 g","2,19 €  4,13 €/kg "
2732,"Marineeritud kurk, SALVEST, 530 g","2,19 €  3,24 €/kg "
2733,"Toome salat, PÕLTSAMAA, 550 g","1,99 €  3,62 €/kg "
2734,"Taimetee Ingveri-sidruni, TEEKANNE, 35 g","0,29 € 0,58 €/l "
2735,"Kohvikapslid Cupsolo Guatemala, PAULIG, 16 tk","0,79 € 1,22 €/l "
2736,"Kiirnuudlid tomatimaitselised, KNORR, 65 g","0,59 €  9,08 €/kg "
2737,"Rohelised herned 690g, PÕLTSAMAA, neto 450g","1,59 €  3,53 €/kg "
2738,"Kiirkartulipuder, FELIX, 220 g","1,39 €  6,32 €/kg "
2739,"Hommikusöök Fitness Yoghurt, NESTLÉ, 350 g","3,79 €  10,83 €/kg "
2740,"Mahe rukkitäisterajahu, TARTU MILL, 1,5 kg","1,49 €  0,99 €/kg "
2741,"Kohvioad Classic Crema, PAULIG, 1 kg","5,99 €  0,37 €/tk "
2742,"Pajaroog Itaalia, BLA BAND, 150 g","2,39 €  15,93 €/kg "
2743,"Makaron Stortini Piccolo, REGGIA, 500 g","1,19 €  2,38 €/kg "
2744,"Aprikoosimoos, PÕLTSAMAA, 380 g","2,69 €  7,08 €/kg "
2745,"Kohviuba Qualita Oro, LAVAZZA, 1 kg","0,99 €  0,99 €/l "
2746,"Plaadikook, TARTU MILL, 400 g","1,49 €  3,73 €/kg "
2747,"Hommikusöök Kolm sõpra, OHO!, 150 g","0,89 €  5,93 €/kg "
2748,"Salatiporgand, SALVEST, neto 400g","1,69 €  4,23 €/kg "
2749,"Suitsuribilihaga seljanka, SALVEST, 530 g","3,39 €  6,40 €/kg "
2750,"Muffinipulber, VILMA, 400 g","1,69 €  4,23 €/kg "
2751,"Hommikuhelbed Corn Flakes, KELLOGG'S, 360 g","2,99 €  8,31 €/kg "
2752,"Punased kidney oad, CAMPAGNA, 400 g","0,99 €  4,13 €/kg "
2753,"Kohviuba No2, OA, 1 kg","5,49 € 5,49 €/l "
2754,"Vaarikamoos, PÕLTSAMAA, 600 g","3,79 €  6,32 €/kg "
2755,"Rohelised herned, PÕLTSAMAA, 400 g","1,19 €  4,41 €/kg "
2756,"Specialita Farfalle, PANZANI, 500 g","1,49 €  2,98 €/kg "
2757,"Maasikamoos, KÜLLUS, 400 g","2,89 €  7,23 €/kg "
2758,"Piknikukurk viiludena, PÕLTSAMAA, 680 g","2,19 €  6,08 €/kg "
2759,"Filtrikohv Luxus, LUXUS, 500 g","3,79 € 2,53 €/l "
2760,"Pitsapõhjapulber, VILMA, 400 g","1,19 €  2,98 €/kg "
2761,"Odrajahu, VESKI MATI, 1,5 kg","1,49 €  0,99 €/kg "
2762,"Hommikusöök Froot Loops, KELLOGG'S, 375 g","3,99 €  10,64 €/kg "
2763,"Müslibatoon piimašokolaadiga, CORNY BIG, 50 g","0,79 €  15,80 €/kg "
2764,"Kõrvitsasalat, SALVEST, 560 g","1,69 €  5,37 €/kg "
2765,"Mustad kivideta oliivid, LORETO, 300 g bruto","1,49 €  12,42 €/kg "
2766,"Müslibatoon Bio müsli vaarika, FIT, 30 g","0,59 €  19,67 €/kg "
2767,"Riisihelbed (karbis), VESKI MATI, 500 g","1,39 €  2,78 €/kg "
2768,"Lahustuv kohv 2in1, NESCAFE, 8 g","0,99 € 1,98 €/l "
2769,"Pärlsibulad, GREENHOUSE, 320 g bruto","1,19 €  6,26 €/kg "
2770,"Kaera- ja riisihelbe segu, VESKI MATI, 500 g","1,29 €  2,58 €/kg "
2771,"Hommikusöögibatoon Cini Minis, NESTLÉ, 25 g","0,49 €  19,60 €/kg "
2772,"Valge uba tomatikastmes, BONDUELLE, 425 ml","1,69 €  3,98 €/l "
2773,"Kanapüreesupp krutoonidega, KNORR, 16 g","0,49 €  30,63 €/kg "
2774,"Rassolnik sealihaga, PÕLTSAMAA, 530 g","2,59 €  4,89 €/kg "
2775,"Müsli mee ja pähklitega, BONA VITA, 375 g","1,99 €  5,31 €/kg "
2776,"Röstitud müsli granaatõuna, jõhvika Granola, SANTE, 350 g","2,29 €  6,54 €/kg "
2777,"Müslibatoon piima-kakaotäidisega, CORNY BIG, 40 g","0,79 €  19,75 €/kg "
2778,"Müslibatoon šokolaadi-banaani, CORNY, 6x25 g","1,99 €  13,27 €/kg "
2779,"Müslibatoon kookose-šokolaadi, CORNY BIG, 50 g","0,79 €  15,80 €/kg "
2780,"Lintnuudel Linguine, REGGIA, 500 g","1,19 €  2,38 €/kg "
2781,"Kohvijook 3in1 Strong, NESCAFE, 17 g","1,89 € 3,78 €/l "
2782,"Värskekapsaborš lihata, PÕLTSAMAA, 530 g","1,99 €  3,75 €/kg "
2783,"Pasta Penne, PRESTO, 400 g","0,59 €  1,48 €/tk "
2784,"Pasta Cornetti, PRESTO, 400 g","0,59 €  1,48 €/kg "
2785,"Aurutatud kikerherned, BONDUELLE, 425 ml","1,49 €  5,62 €/kg "
2786,"Marineeritud kurgid, MÕISAPROUA, 1 kg","2,49 €  2,49 €/kg "
2787,"Mahe rukkijahu (täistera), JAHU-JAAN, 750 g","1,49 €  1,99 €/kg "
2788,"Krõbe müsli marjadega, 270g, AXA","1,79 €  6,63 €/kg "
2789,"Rassolnik veiselihaga, SALVEST, 530 g","2,59 €  4,89 €/kg "
2790,"Kohvioad Supreme, BEST BEANS GOURMET COFFEE, 1 kg","0,69 € 1,38 €/l "
2791,"Pitsapõhjapulber, TARTU MILL, 400 g","1,19 €  2,98 €/kg "
2792,"Pikateraline riis 4 x 125 g, DORIS, 500 g","1,19 €  2,38 €/kg "
2793,"Neljaviljahelbed, NORDIC, 600 g","1,29 €  2,15 €/kg "
2794,"Tomatipüreesupp ürtidega Öko, PRESTO, 300 g","2,99 €  9,97 €/kg "
2795,"Pikateraline riis 4 x 125 g, UNCLE BEN'S, 500 g","2,49 €  4,98 €/kg "
2796,"Hommikusöök Nesquik, NESTLÉ, 625 g","4,99 €  7,98 €/kg "
2797,"Conchiglie Rigate teokarbid, PANZANI, 500 g","1,49 €  2,98 €/kg "
2798,"Roheline hernes, SALVEST, 690 g","1,79 €  3,98 €/kg "
2799,"Rabamurakamoos, KÜLLUS, 400 g","7,99 €  19,98 €/kg "
2800,"Kaerhelbe kiirpuder metsamarjadega, VESKI MATI, 45 g","0,49 €  10,89 €/kg "
2801,"Hommikusöögibatoon Fitness Jõhvika-Maasika, NESTLÉ, 23,5 g","0,49 €  20,42 €/kg "
2802,"Lahustuv kohv 3in1 Strong (kott), NESCAFE, 10x17 g","1,49 € 2,62 €/l "
2803,"Kohviuba Crema, JACOBS, 1 kg","14,99 € 21,41 €/l "
2804,"Ramen sojakastme maitseline kiirnuudlisupp, OYAKATA, 63 g","1,19 €  18,89 €/kg "
2805,"Rohelised oliivid kivideta, FIGARO, 240 g","1,19 €  10,82 €/kg "
2806,"Makaronid Coquillette gluteenivabad, PANZANI, 400 g","2,29 €  5,73 €/kg "
2807,"Ananassi tükid, GREEN, 565 g","1,49 €  4,38 €/kg "
2808,"Punased oad tšilli kastmes, BONDUELLE, 430 g","1,79 €  4,16 €/kg "
2809,"Küpsetatud oad, CAMPAGNA, 400 g","0,99 €  4,13 €/kg "
2810,"Isekerkiv jahu, VESKI MATI, 1 kg","0,99 €  0,99 €/kg "
2811,"Tagliatelle munaga, GRANORO, 500 g","1,99 €  3,98 €/kg "
2812,"Seljanka, SALVEST, 530 g","3,89 €  7,34 €/kg "
2813,"Mustikamoos, MEIE MARI, 350g","2,99 €  8,54 €/kg "
2814,"Mulgikapsad, SALVEST, 530 g","2,29 €  4,32 €/kg "
2815,"Krõbe marja müsli, VESKI MATI, 400 g","3,99 €  9,98 €/kg "
2816,"Lahustuv kohv Jacobs 3in1, JACOBS, 15,2 g","7,49 € 9,99 €/l "
2817,"Earl Grey Fantasy must tee, GREENFIELD, 50 g","0,79 € 1,22 €/l "
2818,"Vaarikamoos marjadega, RÕNGU, 1 kg","4,99 €  4,99 €/kg "
2819,"Spagett Spaghetti, PANZANI, 1 kg","2,69 €  2,69 €/kg "
2820,"Praekapsas porgandiga, SALVEST, 900 g","2,59 €  2,88 €/kg "
2821,"Lahustuv kohv Cronat Gold, JACOBS, 100g","1,69 € 3,38 €/l "
2822,"Mais, hernes ja paprika, BONDUELLE, 425 ml","1,79 €  6,39 €/kg "
2823,"Kodune kurk mädarõikaga, SALVEST, 675 g (neto)","2,29 €  3,39 €/kg "
2824,"Maisikepikesed kondenspiimaga, LOTTE, 130 g","0,99 €  7,62 €/kg "
2825,"Šampinjonisupp saiakuubikutega, MAGGI, 14 g","0,39 €  27,86 €/kg "
2826,"Penne Rigate torukesed, BARILLA, 500 g","1,59 €  3,18 €/kg "
2827,"Kummelitee, TEEKANNE, 30 g","1,49 € 2,98 €/l "
2828,"Pasta täistera Chiffari Lisci, TARTU MILL, 500 g","0,89 €  1,78 €/kg "
2829,"Letšo, MINU, 680 g","1,49 €  2,19 €/kg "
2830,"Kohvioad Presidentti Original Strong, PAULIG, 1 kg","1,99 €  66,33 €/kg "
2831,"Granola kakao ja vaarika, PAULUN´S, 450 g","4,99 €  11,09 €/kg "
2832,"Kiirkeedu punane lääts, MÜLLERS MÜHLE, 500 g","2,19 €  4,38 €/kg "
2833,"Hommikusöök Cheerios, NESTLÉ, 425 g","3,99 €  9,39 €/kg "
2834,"Lastemakaronid põrsas Peppa, MELISSA, 500 g","1,29 €  2,58 €/kg "
2835,"Krõbe müsli pähklitega, SANTE, 350 g","2,29 €  6,54 €/kg "
2836,"Kooritud tomatid 400 g, ORGANIC FOOD, 240 g neto","1,49 €  6,21 €/kg "
2837,"Tradits.kanasupp nuudlitega, MAGGI, 55 g","0,59 €  10,73 €/kg "
2838,"Piprakurk, SALVEST, 675 g","2,19 €  6,08 €/kg "
2839,"Lahustuv kohvijook 3in1, JACOBS, 152 g","1,89 € 1,89 €/l "
2840,"Noored herned, NOLIKO, 340 g","1,29 €  5,61 €/kg "
2841,"Lahustuv kohvijook Cafe Latte, JACOBS, 14 g","6,49 € 8,65 €/l "
2842,"Punapeediviilud, PÕLTSAMAA, 570 g","1,69 €  4,45 €/kg "
2843,"Hirss, BALTIX, 1 kg","1,89 €  1,89 €/kg "
2844,"Punapeedi kiirsupp saiakuubikutega, MAGGI, 16 g","0,39 €  24,38 €/kg "
2845,"Piparmünditee, TEEKANNE, 45 g","7,99 € 10,65 €/l "
2846,"Pasta carbonara, FELIX, 68 g","1,49 €  21,91 €/kg "
2847,"Põldoasupp sealihaga, SALVEST, 500 g","2,49 €  4,70 €/kg "
2848,"Kartulipüree rõõsakoorega, MAGGI, 35 g","0,39 €  11,14 €/kg "
2849,"Pasta Spaghetti Tagliati, REGGIA, 500 g","1,19 €  2,38 €/kg "
2850,"Nuudliroog Wasabi lihamaitseline, OYAKATA, 93 g","1,29 €  13,87 €/kg "
2851,"Kana-köögiviljawok riisiga, SALVEST, 530 g","2,79 €  5,26 €/kg "
2852,"Golden Ceylon must tee, GREENFIELD, 50 g","1,99 €  13,09 €/kg "
2853,"Vahvlijahu, TARTU MILL, 400 g","1,39 €  3,48 €/kg "
2854,"Hommikusöök Corn Flakes & Honey Nut, NESTLÉ, 300 g","2,49 €  8,30 €/kg "
2855,"Jahvatatud kohv Café Sydney, PAULIG, 500 g","4,99 € 4,99 €/l "
2856,"Rukkikama, TARTU MILL, 400 g","1,59 €  3,98 €/kg "
2857,"Teraviljahelbed šokolaadi ja karamelliga Lion, NESTLÉ, 600 g","4,99 €  8,32 €/kg "
2858,"Sügisesalat, PÕLTSAMAA, 530 g","2,49 €  4,70 €/kg "
2859,"Täistera kiirkaerahelbed, TARTU MILL, 1 kg","1,39 €  1,39 €/kg "
2860,"Green Melissa roheline tee, GREENFIELD, 37,5 g","13,99 € 18,65 €/l "
2861,"Ramen sealihamaitseline kiirnuudlisupp, OYAKATA, 62 g","1,19 €  19,19 €/kg "
2862,"Maasikamoos, SALVEST MEIE MARI, 350g","2,99 €  8,54 €/kg "
2863,"Delikatesskurgid, GREENHOUSE, 340 g","1,49 €  8,05 €/kg "
2864,"Pasta durum Maccheroni Lisci, TARTU MILL, 500 g","0,79 €  1,58 €/kg "
2865,"Makaron Ditalini, REGGIA, 500 g","1,19 €  2,38 €/kg "
2866,"Tee Earl Grey Classic 25pk, LIPTON, 38 g","2,69 €  2,69 €/l "
2867,"Spagetid nr.7, PRESTO, 400 g","0,59 €  1,48 €/kg "
2868,"Pikateraline riis 8 x 125 g, BOSTO, 1 kg","2,99 €  2,99 €/kg "
2869,"Saaremaa puuviljamüsli, SAARE LEIB, 350 g","3,59 €  10,26 €/kg "
2870,"Rassolnik, 3MIN, 500 g","1,39 €  2,78 €/kg "
2871,"Aurutatud läätsed, BONDUELLE, 425 ml","1,49 €  5,62 €/kg "
2872,"Vaarikatarretis, MIKAADO, 80 g","0,99 €  12,38 €/kg "
2873,"Spagett täisterajahust, MELISSA, 500 g","1,19 €  2,38 €/kg "
2874,"Murakamoos, SALVEST MEIE MARI, 350g","8,99 €  25,69 €/kg "
2875,"Jahvatatud tassikohv In-Cup, MERRILD, 400 g","7,99 € 15,98 €/l "
2876,"Kurgisalat, PÕLTSAMAA, 375 g","1,59 €  4,24 €/kg "
2877,"Durumjahust täistera penned, TARTU MILL, 500 g","0,89 €  1,78 €/kg "
2878,"Mini Farfalle lipsuke, PANZANI, 500 g","1,69 €  3,38 €/kg "
2879,"Kolmevärviline spiraal Fusilli, PANZANI, 500 g","1,79 €  3,58 €/kg "
2880,"Kurgi-sinepisalat, PÕLTSAMAA, 380 g","1,59 €  4,18 €/kg "
2881,"Porgandiga praekapsas, SALVEST, 530 g","1,99 €  3,75 €/kg "
2882,"Vaarikamoos (pudelis), PÕLTSAMAA, 390 g","2,99 €  7,67 €/kg "
2883,"Kaerahelbed kaerakliidega, NORDIC, 600 g","1,49 €  2,48 €/kg "
2884,"Lahustuv kohvijook 3in1 karp, JACOBS, 20x15,2 g","0,39 €  1,56 €/l "
2885,"Lasanje plaadid, BARILLA, 500 g","3,19 €  6,38 €/kg "
2886,"Röstitud müsli banaani-shokol., SANTE, 350 g","1,99 €  5,69 €/kg "
2887,"Filtri-,kannu-ja presskannukohv Mellan keskmine röst, ARVID NORDQUIST, 500 g","7,49 € 9,99 €/l "
2888,"Krõbe müsli šokolaadi ja pähkli, 375g, AXA","2,39 €  6,37 €/kg "
2889,"Aedoad tomatikastmes, SALVEST, 530 g","1,99 €  3,75 €/kg "
2890,"Hommikusöök Fitness Fruits, NESTLÉ, 375 g","3,79 €  10,11 €/kg "
2891,"Suitsupeekoniga pilaff, SALVEST, 530 g","2,59 €  4,89 €/kg "
2892,"Pudruriis, VESKI MATI, 1 kg","2,69 €  2,69 €/kg "
2893,"Salat Toome, SALVEST, 520 g","1,89 €  3,63 €/kg "
2894,"Segu kanaga nuudlitele 4 juustu kastmes, MAGGI, 34 g","0,89 €  26,18 €/kg "
2895,"Makaroniroog, SALVEST, 530 g","2,49 €  4,70 €/kg "
2896,"Mehhiko pada, SALVEST, 530 g","2,99 €  5,64 €/kg "
2897,"Pähklikreem, NUTELLA, 230 g","2,79 €  12,13 €/kg "
2898,"Roheline tee Classic, LIPTON, 32,5 g","28,90 € 41,29 €/l "
2899,"Vaarikamoos, SALVEST MEIE MARI, 350g","2,99 €  8,54 €/kg "
2900,"Hommikusöögibatoon Fitness Šokolaadiga, NESTLÉ, 23,5g","0,49 €  20,85 €/kg "
2901,"Kodukeeksi jahusegu, TARTU MILL, 450 g","1,49 €  3,31 €/kg "
2902,"Tee Flying Dragon, GREENFIELD, 50 g","23,90 €  7,97 €/l "
2903,"Odrahelbed, VESKI MATI, 500 g","1,19 €  2,38 €/kg "
2904,"Rukkijahu, KALEW, 1,5 kg","1,29 €  0,86 €/kg "
2905,"Segu kanalihale koore ürdikastmes, MAGGI, 30 g","0,89 €  29,67 €/kg "
2906,"Macaroni, PANZANI, 500 g","1,49 €  2,98 €/kg "
2907,"Seljanka, PÕLTSAMAA, 530 g","3,59 €  6,77 €/kg "
2908,"Hommikusöök Tresor Choco Nougat, KELLOGG'S, 375 g","3,59 €  9,57 €/kg "
2909,"Sidrunikeeks, TARTU MILL, 450 g","1,49 €  3,31 €/kg "
2910,"Mahe täistera fusilli, LOODUSVÄGI, 500 g","1,69 €  3,38 €/kg "
2911,"Lasanje, CAMPAGNA, 500 g","1,99 €  3,98 €/kg "
2912,"Müslibatoon Bio aprikoosi, FIT, 30 g","0,49 €  16,33 €/kg "
2913,"Mesi, SALLA-PRINGI MESILA, 1 kg","9,99 €  9,99 €/kg "
2914,"Tee kibuvitsa-hibiski, TEEKANNE, 70 g","14,99 € 5,00 €/l "
2915,"Kreemjas mesi, AARE JÕUMEES, 450 g","5,49 €  12,20 €/kg "
2916,"Tofe (suur teokarp), REGGIA, 500 g","1,19 €  2,38 €/kg "
2917,"Suvesupp, PÕLTSAMAA, 530 g","1,69 €  3,19 €/kg "
2918,"Makaronid Penne gluteenivabad, PANZANI, 400 g","2,29 €  5,73 €/kg "
2919,"Riisijahu, VESKI MATI, 1 kg","1,49 €  1,49 €/kg "
2920,"Pesto päikesekuivatatud tomatitega, FILIPPO BERIO, 190 g","2,59 €  13,63 €/kg "
2921,"Kohvikapslid Cupsolo Espresso Fortissimo, PAULIG, 16 tk","1,69 € 5,12 €/l "
2922,"Kohvikapslid Dolce Gusto Cappucino, NESCAFE, 16 tk","7,49 € 9,99 €/l "
2923,"Spagetid, BARILLA, 500 g","1,59 €  3,18 €/kg "
2924,"Mahe toortatrajahu, JAHU-JAAN, 750 g","2,49 €  3,32 €/kg "
2925,"Valged oad, CAMPAGNA, 400 g","0,99 €  2,48 €/kg "
2926,"Kiirkaerahelbepuder õuna ja kaneeli, AXA, 40 g","0,39 €  9,75 €/kg "
2927,"Šokolaadimaitselise täidisega padjakesed, OHO, 175 g","0,99 €  5,66 €/kg "
2928,"Nisu meega, OHO, 500 g","2,59 €  5,18 €/kg "
2929,"Kohvipadjad keskmine röst 36tk, MERRILD, 250 g","9,99 € 13,32 €/l "
2930,"Nisujahu T812, KALEW, 2 kg","1,49 €  0,75 €/kg "
2931,"Hernes kollane poolik, BALTIX, 1 kg","0,99 €  0,99 €/kg "
2932,"Jahvatatud kohv Espresso Italiano Classico, LAVAZZA, 250 g","2,69 €  2,69 €/l "
2933,"Metsmaasikatarretis, MIKAADO, 80 g","0,99 €  12,38 €/kg "
2934,"Aurutatud valged oad, BONDUELLE, 425 ml","1,59 €  6,36 €/kg "
2935,"Krõbe Täisteramüsli maasika-mandli, HERKULESS, 350 g","2,39 €  6,83 €/kg "
2936,"Kiirpuder Õuna, VESKI MATI, 45 g","0,39 €  8,67 €/kg "
2937,"Pärmitaigna jahusegu, TARTU MILL, 508 g","1,39 €  2,74 €/kg "
2938,"Vaniljekaste magus, EKSTRÖMS, 91 g","0,79 €  8,68 €/kg "
2939,"Padjakesed Lion Wildcrush, NESTLÉ, 360 g","3,99 €  11,08 €/kg "
2940,"Roheline tee vaarika/granaatoõuna 20pk, LIPTON, 28 g","1,29 € 3,91 €/l "
2941,"Penne Rigate, PANZANI, 1 kg","2,69 €  2,69 €/kg "
2942,"Segu kartuli-hakklihavormile, MAGGI, 42 g","0,99 €  23,57 €/kg "
2943,"Hommikusöök Choco Pops, KELLOGG'S, 375 g","3,99 €  10,64 €/kg "
2944,"Röstitud müsli puuviljadega, SANTE, 350 g","1,99 €  5,69 €/kg "
2945,"Must tee sidruniga, LIPTON, 34 g","6,99 € 9,32 €/l "
2946,"Lintspagett Linguine, PANZANI, 500 g","1,49 €  2,98 €/kg "
2947,"Hapukapsaborš sealihaga, PÕLTSAMAA, 530 g","2,59 €  4,89 €/kg "
2948,"Täistera pajaroog Mehhiko, BLA BAND, 176 g","2,49 €  14,15 €/kg "
2949,"Toortatar, BALTIX, 4x100 g","1,39 €  3,48 €/kg "
2950,"Rukki krõbuskid, BALSNACK, 150 g","0,99 €  6,60 €/kg "
2951,"Kakaojook Opti Start, NESQUIK, 13,5 g","2,19 €  64,41 €/kg "
2952,"Praekapsas, SALVEST, 900 g","2,69 €  2,99 €/kg "
2953,"Salat Tervist, SALVEST, 520 g","1,89 €  3,63 €/kg "
2954,"""Nutri Mio"" gluteenivaba pasta FUSILLI, REGGIA, 400 g","2,39 €  5,98 €/kg "
2955,"Hapukapsaborš, 3MIN, 480 g","1,39 €  2,90 €/kg "
2956,"Lahustuv kohv Cronat Gold, JACOBS, 200 g","3,99 € 5,32 €/l "
2957,"Rohelised jalopenoviilud, MANOLITO, 300 g","2,99 €  19,93 €/kg "
2958,"Metsamarjamaitseline tarretisepulber, MIKAADO, 80 g","0,99 €  12,38 €/kg "
2959,"Mulgikapsad, SALVEST, 900 g","2,99 €  3,32 €/kg "
2960,"Tagliatelle, GRANORO, 500 g","1,69 €  3,38 €/kg "
2961,"Jahvatatud kohv Selection, JACOBS, 500 g","7,99 € 10,65 €/l "
2962,"Kohvikapslid Dolce Gusto Grande, NESCAFE, 16 tk","6,99 € 13,98 €/l "
2963,"Mahe täistera penne, LOODUSVÄGI, 500 g","1,69 €  3,38 €/kg "
2964,"Pesto Genovese, OILIO, 130 g","1,99 €  15,31 €/kg "
2965,"Delikatesskurk, SALVEST, 330 g","1,79 €  5,42 €/kg "
2966,"Mahe täistera kaerahelbed, LOODUSVÄGI, 500 g","1,89 €  3,78 €/kg "
2967,"Mahe täistera spagetid, LOODUSVÄGI, 500 g","1,69 €  3,38 €/kg "
2968,"Seljanka lihata, 3MIN, 480 g","1,59 €  3,31 €/kg "
2969,"Riisihelbed, NORDIC, 800 g","2,39 €  2,99 €/kg "
2970,"Mahe õuna-kaneeli toorbatoon, LOODUSVÄGI, 35 g","1,89 €  54,00 €/kg "
2971,"Krõbedad helbed piimašokolaadiga, LOTTE, 225 g","1,19 €  5,29 €/kg "
2972,"Mahe Nisujahu (püül), JAHU-JAAN, 750 g","1,49 €  1,99 €/kg "
2973,"Pastariis Orzo, CAMPAGNA, 500 g","1,19 €  2,38 €/kg "
2974,"Müsli šokolaadi ja mandlitega, EMCO, 340 g","3,99 €  11,74 €/kg "
2975,"Kartulipuder, TARTU MILL, 200 g","1,19 €  5,95 €/kg "
2976,"Pohlamoos, PÕLTSAMAA, 380 g","3,59 €  9,45 €/kg "
2977,"Segu Idea mahlasele kanale küüslaugu, MAGGI, 30 g","1,19 €  39,67 €/kg "
2978,"Tomatid omas mahlas, MÕISAPROUA, 1 kg","1,99 €  1,99 €/kg "
2979,"Grillisalat, PÕLTSAMAA, 385 g","1,59 €  4,13 €/kg "
2980,"Odrakruup, BALTIX, 1 kg","0,89 €  0,89 €/kg "
2981,"Pasta Bolognese kastmega, KNORR, 60 g","1,49 €  24,83 €/kg "
2982,"Pohlasalat, SALVEST, 310 g","2,59 €  8,35 €/kg "
2983,"Punane aeduba, VESKI MATI, 400 g","1,79 €  4,48 €/kg "
2984,"Rohelised oliivid kivideta, LORETO, 300 g bruto","1,49 €  12,42 €/kg "
2985,"Krõbe šokolaadi-karamellimüsli, HERKULESS, 350 g","2,39 €  6,83 €/kg "
2986,"Salatipeet, SALVEST, neto 395 g","1,49 €  3,77 €/kg "
2987,"Mahe rukkilinnase jahu, JAHU-JAAN, 500 g","2,29 €  4,58 €/kg "
2988,"Roheline tee ingveri-apelsini, TEEKANNE, 35 g","0,79 € 1,05 €/l "
2989,"Täistera puuviljamüsli, HERKULESS, 350 g","2,19 €  6,26 €/kg "
2990,"Täistera kuskuss, PASTA ZARA, 500 g","1,99 €  3,98 €/kg "
2991,"Muhe Mesi, MUHE MESI, 450 g","4,99 €  11,09 €/kg "
2992,"Mesi tops, NORDMEL, 450 g","4,99 €  11,09 €/kg "
2993,"Roheline tee raudürdi ja sidrunheinaga, TEEKANNE, 35 g","13,99 € 19,99 €/l "
2994,"Praekapsas porgandiga, PÕLTSAMAA, 520 g","1,99 €  3,83 €/kg "
2995,"Paprikalõigud, GREENHOUSE, 340 g","1,49 €  8,28 €/kg "
2996,"Kohviuba Arabica Espresso, PAULIG, 1 kg","2,49 €  71,14 €/kg "
2997,"Aurutatud riis, BALTIX, 1 kg","1,49 €  1,49 €/kg "
2998,"Idea kanale nelja juustu kastmes, MAGGI, 32 g","0,89 €  27,81 €/kg "
2999,"Krõbe pähkli-šokolaadimüsli, HERKULESS, 350 g","2,39 €  6,83 €/kg "
3000,"Öko täistera röstitud kiirtatrahelbed, TARTU MILL, 500 g","2,99 €  5,98 €/kg "
3001,"Hispaania apelsinitee, TEEKANNE, 50 g","7,99 € 10,65 €/l "
3002,"Metsaõite mesi, AARE JÕUMEES, 450 g","5,49 €  12,20 €/kg "
3003,"Mustad kivideta oliivid, FIGARO, 142 g","0,99 €  14,14 €/kg "
3004,"Filtri- ja presskannukohv Brazil, PAULIG, 500 g","1,39 € 5,56 €/l "
3005,"Täisteramüsli rosina-pähkli, VESKI MATI, 500 g","4,59 €  9,18 €/kg "
3006,"Filtrikohv Presidentti Gold, PAULIG, 500 g","3,99 € 19,95 €/l "
3007,"Tee Earl Grey Lemon 25pk, LIPTON, 52 g","8,99 € 11,99 €/l "
3008,"Niitnuudel Vermicelli, PANZANI, 500 g","1,49 €  2,98 €/kg "
3009,"Filtrikohv Tanzania Origins Blend, PAULIG, 500 g","6,29 €  12,58 €/kg "
3010,"Granola kaneeli ja õuna, PAULUN´S, 450 g","4,99 €  11,09 €/kg "
3011,"Roheline tee melissi-sidrunikoore, LIPTON, 32 g","2,29 €  13,47 €/kg "
3012,"Mahe speltajahu (püül), JAHU-JAAN, 750 g","3,19 €  4,25 €/kg "
3013,"Täisteramüsli rosina-pähkli, VIOLA, 500 g","2,59 €  5,18 €/kg "
3014,"Kaeraklii 500 g, TARTU MILL, 500 g","1,29 €  2,58 €/kg "
3015,"Kodune hernesupp saiakuubikutega, MAGGI, 22 g","0,39 €  17,73 €/kg "
3016,"Maasikamoos steviaga, GOOD GOOD, 330g","3,99 €  12,09 €/kg "
3017,"Duo piima-šokolaadikreem, CEBE, 400 g","2,69 €  6,73 €/kg "
3018,"Kiirnuudlid aromaatse kanakastmega, BIG BON, 95 g","1,39 €  14,63 €/kg "
3019,"Värskekapsasupp sealihaga, PÕLTSAMAA, 530 g","2,49 €  4,70 €/kg "
3020,"Täisterakaerahelbeküpsised, TARTU MILL, 400 g","1,29 €  3,23 €/kg "
3021,"Küüslauk ürtidega päevalilleõlis, CITRES, 290 g","3,39 €  11,69 €/kg "
3022,"Kohvikapslid Dolce Gusto Caffe Au Lait, NESCAFE, 16 tk","1,39 € 5,56 €/l "
3023,"Makaronid Spaghetti gluteenivabad, PANZANI, 400 g","2,29 €  5,73 €/kg "
3024,"Maisijahu, VESKI MATI, 1 kg","1,49 €  1,49 €/kg "
3025,"Bio kanapuljong, MAGGI, 80 g","2,19 €  27,38 €/kg "
3026,"Jahvatatud mahekohv Intenso, SEGAFREDO, 450g","4,69 € 9,38 €/l "
3027,"Aurutatud punased oad, BONDUELLE, 425 ml","1,49 €  5,96 €/kg "
3028,"""Nutri Mio"" gluteenivaba pasta PENNE RIGATE, REGGIA, 400 g","2,29 €  5,73 €/kg "
3029,"Pestokaste Genovese, BARILLA, 190 g","3,99 €  21,00 €/kg "
3030,"Rohelised oliivid paprikaga, FIGARO, 240 g","1,19 €  8,50 €/kg "
3031,"Gluteenivaba pähklibatoon pähkli ja pistaatsiapähkli, EMCO, 35 g","0,69 €  19,71 €/kg "
3032,"Spagetid, CAMPAGNA, 500 g","1,19 €  2,38 €/kg "
3033,"Leivasupp puuviljadega, TARTU MILL, 300 g","1,59 €  5,30 €/kg "
3034,"Tee Kolm Elevanti, SENOK, 100 g","12,99 €  17,32 €/l "
3035,"Punased kidney oad, SUNFOOD, 400 g","0,89 €  2,23 €/kg "
3036,"Rukkihelbed, NORDIC, 600 g","1,29 €  2,15 €/kg "
3037,"Paisutatud nisu meega, FOXI, 500 g","2,39 €  4,78 €/kg "
3038,"Piparmünt 16x1,0g, PÕHJALA TEETALU, 16 g","1,09 € 2,18 €/l "
3039,"Kohvioad Barista Crema, JACOBS, 1 kg","2,59 €  2,59 €/l "
3040,"Nuudliroog karriga, FELIX, 65 g","1,49 €  22,92 €/kg "
3041,"Krõbe müsli marjadega, BRÜGGEN, 375 g","2,69 €  7,17 €/kg "
3042,"Eesti toortatratang, REMEDYWAY, 1 kg","3,99 €  3,99 €/kg "
3043,"Kiirkaerahelbepuder jõhvika, AXA, 40 g","0,39 €  9,75 €/tk "
3044,"Praekapsas, PÕLTSAMAA, 820 g","2,59 €  3,16 €/kg "
3045,"Filtrikohv Luxus, LUXUS, 100 g","3,59 €  3,59 €/l "
3046,"Kuskuss, PASTA ZARA, 500 g","1,89 €  3,78 €/kg "
3047,"Ploomikompott, MINU, 680 g","1,59 €  4,42 €/kg "
3048,"Hirss 4x100g, BALTIX, 4*100g","1,29 €  3,23 €/kg "
3049,"Roheline tee Goji ja mustikatega 20 tp, LIPTON, 28 g","2,59 € 1,73 €/l "
3050,"Taimetee Stomach Smoother, TEEKANNE, 40 g","2,19 €  78,21 €/kg "
3051,"Penne Rigate täisterajahust, MELISSA, 500 g","1,19 €  2,38 €/kg "
3052,"Nisujahu, SUNNUNTAI, 2 kg","2,69 €  1,35 €/kg "
3053,"Kikerherned, KTC, 400 g","0,99 €  4,13 €/kg "
3054,"Pasta Chiffari Lisci Nr.183, PRESTO, 400 g","0,59 €  1,48 €/kg "
3055,"Durumnisujahu, MYLLYN PARAS, 1 kg","1,49 €  1,49 €/kg "
3056,"Röstitud Supermüsli vaarika, sarapuupähkli ja rabarberi, PAULUN´S, 450 g","4,99 €  11,09 €/kg "
3057,"Vahemere virsiku tee, TEEKANNE, 50 g","19,99 €  28,56 €/l "
3058,"Mesi, MUHE MESI, 1,1 kg","9,99 €  9,08 €/kg "
3059,"Odratang, TARTU MILL, 1 kg","0,89 €  0,89 €/kg "
3060,"Must tee Yellow Label 25pk, LIPTON, 50 g","14,99 €  29,98 €/l "
3061,"Pesto traditsiooniline, FILIPPO BERIO, 190 g","2,59 €  13,63 €/kg "
3062,"Fusilli kikerhernestega, DELVERDE,","2,69 €  5,98 €/kg "
3063,"Presidentti Espresso uba, PAULIG, 1 kg","1,59 €  4,82 €/l "
3064,"Jasmine Dream roheline tee, GREENFIELD, 100 g","1,79 € 6,39 €/kg "
3065,"Pesto roheline, CAMPAGNA, 180 g","1,99 €  9,39 €/kg "
3066,"Roheline tee sidrunheina ja sidruniga, DILMAH, 30 g","9,99 € 19,98 €/l "
3067,"Kiirkaerahelbepuder piima ja metsmarjatükkidega, HERKULESS, 35 g","0,39 €  11,14 €/kg "
3068,"Kaerahelbepuder rõõsa koore, vaarikate ja põldmarjadega, HERKULESS, 45 g","0,99 €  22,00 €/kg "
3069,"Delikatess kurgid, MÕISAPROUA, 530 g","1,79 €  3,38 €/kg "
3070,"Kohvipadjad Classic, SENSEO, 36tk","2,19 € 6,64 €/l "
3071,"Durumjahust täistera Spagetid, TARTU MILL, 500 g","0,89 €  1,78 €/kg "
3072,"Letsho Bulgarian, VERES, 530 g","2,39 €  4,78 €/kg "
3073,"Jahvatatud kohv Qualita Rossa, LAVAZZA, 250 g","13,99 €  13,99 €/kg "
3074,"Naturaalne röstitud müsli, SANTE, 350 g","1,99 €  5,69 €/kg "
3075,"Roheline tee Citrus, LIPTON, 32,5 g","9,99 € 13,32 €/l "
3076,"Tähestikusupp, PODRAVKA, 52 g","0,59 €  11,35 €/kg "
3077,"Must tee Earl Grey, AHMAD, 50 g","1,99 €  39,80 €/kg "
3078,"Kakaopallid, FOXI, 500 g","1,99 €  3,98 €/kg "
3079,"Täistera neljaviljahelbed, TARTU MILL, 1 kg","1,39 €  1,39 €/kg "
3080,"Mesi, SIRELI, 250g","2,99 €  11,96 €/kg "
3081,"Kinoa valge, RISELLA, 500 g","4,19 €  8,38 €/kg "
3082,"Aprikoosimoos fruktoosiga, PURE, 390 g","2,49 €  6,38 €/kg "
3083,"Mahe pipar, DITTMANN, 250 g","1,49 €  11,92 €/kg "
3084,"Saaremaa mesi, HANY, 300 g","4,99 €  16,63 €/kg "
3085,"Kakao-ja karamellimaitselised helbed, OHO, 500 g","2,59 €  5,18 €/kg "
3086,"Marineeritud kurk mesine, MÕISAPROUA, 1 kg","2,49 €  2,49 €/kg "
3087,"Köögivilja puljongikuubik, PODRAVKA, 120 g","0,99 €  8,25 €/kg "
3088,"Kohvikapslid Cupsolo Cappuccino, PAULIG, 16 tk","4,99 € 14,26 €/l "
3089,"Sampinjonid viilutatud PRO CHAMP, 380 g","1,59 €  6,91 €/kg "
3090,"Fusilli, DELVERDE, 500 g","2,19 €  4,38 €/kg "
3091,"Pirnid kerges siirupis, LORADO, 410 g","1,19 €  5,17 €/kg "
3092,"Melissi tee, TEEKANNE, 40 g","1,49 € 0,99 €/l "
3093,"Praekapsas, PÕLTSAMAA, 520 g","1,99 €  3,83 €/kg "
3094,"Classic (klaaspurk), NESCAFE, 100g","15,99 € 15,99 €/l "
3095,"Pärmitaigna pannkoogid, TARTU MILL, 508 g","1,39 €  2,74 €/kg "
3096,"Lahustuv kohvijook 2in1 karp, JACOBS, 20x14 g","11,99 € 23,98 €/l "
3097,"Marjatee Mündine Vaarikas, PÕHJALA TEETALU, 25 g","15,99 € 31,98 €/l "
3098,"Kaerajahu purukook, TARTU MILL, 450 g","1,29 €  2,87 €/kg "
3099,"Veski Mati Kollane hernes, VESKI MATI, 500 g","0,69 €  1,38 €/kg "
3100,"Tume metsamesi, MEVEDA, 1kg","9,59 €  9,59 €/kg "
3101,"Tatrapuder veiselihaga, RANNAROOTSI, 400 g","1,99 €  4,98 €/kg "
3102,"Lahustuv kohvijook Cafe Latte karp, JACOBS, 12,5x20 g","6,99 € 13,98 €/l "
3103,"XXL müslibatoon shokolaadi ja pähklitega, EMCO, 45 g","0,59 €  13,11 €/kg "
3104,"Durumnisujahupasta Puntine Grand, TARTU MILL, 500 g","0,79 €  1,58 €/kg "
3105,"Durumnisujahupasta Alfabeto, TARTU MILL, 500 g","0,79 €  1,58 €/kg "
3106,"Kohvioad Arabica, MERRILD, 1 kg","3,99 €  159,60 €/kg "
3107,"Lahustuv teraviljakohv (klaaspurk), INKA, 100 g","5,99 € 7,99 €/l "
3108,"Durumnisumannast pasta ""autod"" tomati ja spinatiga, DALLA, 300 g","1,99 €  6,63 €/kg "
3109,"Mahlane praekapsas rapsiõliga veganitele, SALVEST, 530 g","2,19 €  4,13 €/kg "
3110,"Tatrapasta fusilli, VESKI MATI, 400 g","1,09 €  2,73 €/kg "
3111,"Pasta Chifferini, CAMPAGNA, 500 g","1,19 €  2,38 €/kg "
3112,"Tee Earl Gray, DILMAH, 30 g","19,99 € 6,66 €/l "
3113,"Rohelised oliivid kivideta, FIGARO, 142g","0,99 €  6,97 €/kg "
3114,"Praekapsas porgandiga, PÕLTSAMAA, 820 g","2,99 €  3,65 €/kg "
3115,"Mesi, SIRELI, 450g","4,79 €  10,64 €/kg "
3116,"Puuviljatee vaarikas ja maasikas 20pk, LOYD, 40 g","11,99 €  11,99 €/kg "
3117,"Paprikakurk, PÕLTSAMAA, 460 g","1,89 €  4,11 €/kg "
3118,"Münditee, PÕHJALA TEETALU, 10 g","7,49 € 9,99 €/l "
3119,"Köögiviljapüreesupp kanafileega Öko, PRESTO, 300 g","2,99 €  9,97 €/kg "
3120,"Vaarikamaitseline kissellipulber, MIKAADO, 170 g","1,39 €  8,18 €/kg "
3121,"Lintnuudlipesad, REGGIA, 500 g","1,99 €  3,98 €/kg "
3122,"Tee rooibos, apelsin ja kaneel 20pk, LOYD, 40 g","1,49 € 2,98 €/l "
3123,"Metsamarjatee 20pk, LOYD, 40 g","7,49 € 9,99 €/l "
3124,"Espresso kohviuba Jaanus, TASUJA, 1 kg","9,99 € 13,32 €/l "
3125,"Mahe toortatrakruup, LOODUSVÄGI, 500 g","2,49 €  4,98 €/kg "
3126,"Kuskuss pärli, YAMNA, 900 g","4,99 €  5,54 €/kg "
3127,"Kakao Extra-Choco karbis, NESQUIK, 600 g","7,49 € 9,99 €/l "
3128,"Bio ürdipuljong, MAGGI, 80 g","2,19 €  27,38 €/kg "
3129,"Kohvipadjad Strong, SENSEO, 36tk","9,99 € 13,32 €/l "
3130,"Mango lõigud siirupis, LORADO, 425 g","1,59 €  7,07 €/kg "
3131,"Puuviljatee Sweet Kiss, TEEKANNE, 60 g","12,99 €  17,32 €/l "
3132,"Kaerahelbed nisukliidega, NORDIC, 600 g","1,39 €  2,32 €/kg "
3133,"Tai ingveri tee, TEEKANNE, 45 g","1,79 €  44,75 €/kg "
3134,"Banaani-müslibatoon, šokolaadikattega, SANTE,","0,49 €  12,25 €/kg "
3135,"Kiirkaerahelbed karbis, VESKI MATI, 500 g","1,29 €  2,58 €/kg "
3136,"Päikesekuivatatud tomatid, CAMPAGNA, 285 g","2,99 €  10,49 €/kg "
3137,"Eesti toortatrajahu, REMEDYWAY, 1 kg","4,39 €  4,39 €/kg "
3138,"Meerõngad, LOTTE, 225 g","1,19 €  5,29 €/kg "
3139,"Lahustuv kohv Gold, NESCAFE, 100 g","2,99 €  299,00 €/kg "
3140,"Terav tšilli pesto, FILIPPO BERIO, 190 g","2,59 €  13,63 €/kg "
3141,"Kohvikapslid Dolce Gusto Lungo, NESCAFE, 16 tk","1,89 €  47,25 €/kg "
3142,"Kakao täitepakk, OBOY, 700 g","18,99 € 6,33 €/l "
3143,"Kanaliha puljongikuubik, PODRAVKA, 120 g","0,99 €  8,25 €/kg "
3144,"Topz Seljanka, PÕLTSAMAA, 380g","2,49 €  6,55 €/kg "
3145,"Marineeritud šampinjonid, BONDUELLE, 540 g","2,69 €  9,28 €/kg "
3146,"Tee Earl Grey, TWININGS, 100 g","6,99 € 9,32 €/l "
3147,"Oliivid küüslauguga ORO VERDE, 350 g","1,59 €  10,60 €/kg "
3148,"Kofeiinivaba kohv, JACOBS, 250 g","8,99 € 17,98 €/l "
3149,"Rohelised jalapeno viilud, KÜHNE, 330 g","2,29 €  13,88 €/kg "
3150,"Täistera speltajahu, VESKI MATI, 1 kg","2,29 €  2,29 €/kg "
3151,"Aprikoosimoos steviaga, GOOD GOOD, 330g","3,99 €  12,09 €/kg "
3152,"Basmati riis, RISELLA, 1 kg","3,99 €  3,99 €/kg "
3153,"Brasiilia laimitee, TEEKANNE, 50 g","16,79 €  16,79 €/kg "
3154,"Kohvikapslid Dolce Gusto Latte, NESCAFE, 16 tk","4,99 € 6,65 €/l "
3155,"Aprikoosi dzemm, NAOUSSA, 500 g","1,89 €  3,78 €/kg "
3156,"Marjatee "" Mündine Mustsõstar"", PÕHJALA TEETALU, 25 g","5,89 €  0,37 €/tk "
3157,"Puuviljatee Raspberry Punk 20 tp, LIPTON, 36 g","3,59 €  143,60 €/kg "
3158,"Ingveri-apelsinimoos, ST.DALFOUR, 284 g","3,29 €  11,58 €/kg "
3159,"Jõhvikamaitseline kissellipulber, MIKAADO, 170 g","1,39 €  8,18 €/kg "
3160,"Täisterajahu Spiraal, MELISSA, 500g","1,19 €  2,38 €/kg "
3161,"Kohviuba Krönung, JACOBS, 1 kg","5,59 € 7,45 €/l "
3162,"Lahustuv kohv Kronung, JACOBS, 200 g","1,29 € 3,91 €/l "
3163,"Kakao taassusletavas pakendis, O'BOY, 450 g","13,99 €  13,99 €/kg "
3164,"Viieviljahelbed, NORDIC, 600 g","1,49 €  2,48 €/kg "
3165,"Kiirnuudlid kanamaitselised topsis, YATEKOMO, 60 g","1,29 €  21,50 €/kg "
3166,"Punased läätsed, poolitatud, COSMOVEDA, 500 g","3,99 €  7,98 €/kg "
3167,"Thai pajaroog, BLA BAND, 123g","2,99 €  24,31 €/kg "
3168,"Maitselt mahe kurk, SALVEST, 1,6 kg","3,99 €  4,69 €/kg "
3169,"Täistera riivleib, VESKI MATI, 350 g","2,49 €  7,11 €/kg "
3170,"Jahvatatud filtrikohv Classic, PAULIG, 100 g","1,99 € 3,98 €/l "
3171,"Roheline tee Mint, LIPTON, 32,5 g","2,09 € 2,09 €/l "
3172,"Jahvatatud kohv Colombia hele röst, COFFEE PEOPLE, 250 g","8,99 €  12,84 €/l "
3173,"Puuviljatee Cherry Love 20 tp, LIPTON, 32 g","1,39 € 0,93 €/l "
3174,"Kornishonid Premium, LORADO, 720g","2,29 €  6,19 €/kg "
3175,"Kohvipadjad Classico, LAVAZZA, 18 tk","1,39 €  13,90 €/kg "
3176,"Kurk marineeritud, GREENHOUSE, 680 g bruto","1,99 €  5,17 €/kg "
3177,"Oliivid hallitusjuustuga ORO VERDE, 350 g","1,59 €  10,60 €/kg "
3178,"Ülipeen nisujahu (tüüp 00), REGGIA, 1 kg","1,39 €  1,39 €/kg "
3179,"Šokolaadi müslibatoon, NESTLÉ, 35 g","0,59 €  16,86 €/kg "
3180,"XXL müslibatoon mustikate ja vaarikatega, EMCO, 45 g","0,59 €  13,11 €/kg "
3181,"Kinoa, QUINUAREAL, 250 g","3,19 €  12,76 €/kg "
3182,"Karamelli dessertkaste, SCHWARTAU, 125 ml","1,49 €  11,92 €/l "
3183,"Šokolaadimaitselised pallikesed, START, 500 g","2,39 €  4,78 €/kg "
3184,"Kohviuba Espresso 1kg, JACOBS, 1 kg","7,49 € 9,99 €/l "
3185,"Durumnisumannast pasta ""printsess"" tomati ja spinatiga, DALLA, 300 g","1,99 €  6,63 €/kg "
3186,"Taimetee Do the Detox 20pk, LIPTON, 32 g","9,99 € 13,32 €/l "
3187,"Kinoa bulguriga, LUSTUCRU, 300 g","3,29 €  10,97 €/kg "
3188,"Pasta Fusilli, CAMPAGNA, 500 g","1,19 €  2,38 €/kg "
3189," Kreeka vähesoolased rohelised oliivid, FILOS DELUXE, 400 g","2,99 €  13,00 €/kg "
3190,"Mesimurakatarretis, MIKAADO, 80 g","0,99 €  12,38 €/kg "
3191,"Kreeka rohelised oliivid, GOURMANTE, 360 g","2,59 €  12,33 €/kg "
3192,"Kohvioad Intermezzo, SEGAFREDO ZANETTI, 1 kg","0,99 € 1,32 €/l "
3193,"Saiajahu, SCHÄR, 1 kg","4,99 €  4,99 €/kg "
3194,"Margaritas köögiviljadega, GALLO, 500 g","1,59 €  3,18 €/kg "
3195,"Must tee troopiliste puuvilja., LIPTON, 36 g","1,99 €  62,19 €/kg "
3196,"Köögiviljapilaff, 3MIN, 480 g","1,49 €  3,10 €/kg "
3197,"Nisuklii, VESKI MATI, 250 g","0,59 €  2,36 €/kg "
3198,"Pasta Penne Rigate, CAMPAGNA, 500 g","1,19 €  2,38 €/kg "
3199,"Rohelised oliivid kivita, pehme pakk, SERPIS, 170 g","1,19 €  15,87 €/kg "
3200,"Konserveeritud herned, BONDUELLE, 720 ml","1,89 €  4,06 €/kg "
3201,"Niitpesad, 3 GLÖCKEN, 500 g","2,29 €  4,58 €/kg "
3202,"Šampinjonid traditsiooniliselt marineeritud, BONDUELLE, 540 g","2,69 €  9,28 €/kg "
3203,"Gluteenivabad lasanjeplaadid, SEMPER, 250 g","3,99 €  15,96 €/kg "
3204,"Jahvatatud kohv Classic Pressiado, ARVID NORDQUIST, 500 g","1,59 € 4,82 €/l "
3205,"Lahustuv kohv Krönung, JACOBS, 100 g","1,99 € 6,03 €/l "
3206,"Sarveke Chifferini, PANZANI, 500 g","1,49 €  2,98 €/kg "
3207,"Rohelised herned 400 g, HEINZ, 240 g neto","1,19 €  4,96 €/kg "
3208,"Kinoa segu, QUINUAREAL, 500 g","6,79 €  13,58 €/kg "
3209,"Premium must tee niidiga kotis 50pk, DILMAH, 100 g","1,69 € 3,38 €/l "
3210,"Printsess Noori must tee 25pk nööriga, NOORI, 50 g","8,99 €  11,99 €/l "
3211,"Kiirkaer+kliid, MYLLYN PARAS, 500 g","1,19 €  2,38 €/kg "
3212,"English Brakfast 25pk, LIPTON, 50 g","1,89 €  37,80 €/kg "
3213,"Jahvatatud kohv Club purgis, LAVAZZA, 250 g","7,99 € 15,98 €/l "
3214,"Müsli mee ja pähklitega, EMCO, 340 g","3,99 €  11,74 €/kg "
3215,"Kohvioad Arabica Dark, PAULIG, 1 kg","6,49 € 8,65 €/l "
3216,"Kummel 16x0,8g, PÕHJALA TEETALU, 12,8 g","9,99 €  13,32 €/l "
3217,"Mustikamoos steviaga, GOOD GOOD, 330g","3,99 €  12,09 €/kg "
3218,"Cannelloni torud, PANZANI, 250 g","1,49 €  5,96 €/kg "
3219,"Rohelised oliivid mandlitega, GOURMANTE, 360 g","3,59 €  17,10 €/kg "
3220,"Marineeritud kurgid 6-9 cm, SUNFOOD, 680 g","1,59 €  2,34 €/kg "
3221,"Peach Mellow roheline tee 25 pk, GREENFIELD, 45 g","2,99 €  233,59 €/kg "
3222,"Krõbe müsli maasikatega ja mandlitega Gluteenivaba, EMCO, 340g","3,99 €  11,74 €/kg "
3223,"Kreemjas mesi, SIRELI, 250g","2,99 €  11,96 €/kg "
3224,"Hautatud oad tomatikastmes, ORGANIC FOOD, 400 g","1,49 €  6,21 €/kg "
3225,"Roheline tee mandarini/apelsini, LIPTON, 36 g","5,59 € 7,45 €/l "
3226,"Müslibatoon jõhvika- vaarika, SANTE, 40 g","0,49 €  12,25 €/kg "
3227,"Mustad oliivid kivita, SERPIS, 170 g","1,19 €  15,87 €/kg "
3228,"Kõrvitsasalat porgandiga, SALVEST, 410 g","1,59 €  3,88 €/kg "
3229,"Kohviuba Wahur, TASUJA, 1 kg","9,99 € 13,32 €/l "
3230,"Indian Korma pajaroog, BLA BAND, 164g","2,99 €  18,23 €/kg "
3231,"Kohvioad Crème Brulée, COFFEESTAR, 200 g","1,19 € 5,95 €/l "
3232,"Valge tee granaatõunakoortega, LIPTON, 30 g","11,99 €  15,99 €/l "
3233,"Tee mustasõstramaitseline, DILMAH, 30 g","2,19 €  60,83 €/kg "
3234,"Tee karamellimaitseline 20pk, DILMAH, 30 g","7,99 € 10,65 €/l "
3235,"Kohvipadjad Intenso, LAVAZZA, 18 tk","2,99 € 5,98 €/kg "
3236,"Summer Bouquet ürdi tee, GREENFIELD, 50 g","6,99 € 9,32 €/l "
3237,"Baklažaanid adžikas, VERES, 530 g","2,39 €  4,78 €/kg "
3238,"Roheline tee, DILMAH, 30 g","2,19 €  73,00 €/kg "
3239,"Kiirkaerahelbed, HERKULESS, 450 g","0,99 €  2,20 €/kg "
3240,"Mungoad, COSMOVEDA, 500 g","3,99 €  7,98 €/kg "
3241,"Kookosjahu, RENUKA, 500 g","2,99 €  5,98 €/kg "
3242,"Eesti Õiemesi, SELVER, 1 kg","8,49 €  8,49 €/kg "
3243,"Viigipuu marjade moos, ST.DALFOUR, 284 g","3,29 €  11,58 €/kg "
3244,"Astelpajumoos, SEMU, 320 g","3,69 €  11,53 €/kg "
3245,"Roheline tee, AHMAD, 100 g","8,99 € 17,98 €/l "
3246,"Puuviljatee mustikas ja põldmari 20pk, LOYD, 40 g","10,99 € 21,98 €/l "
3247,"Bucatini, REGGIA, 500 g","1,19 €  2,38 €/kg "
3248,"Pleasure must tee 25-pakk, TESS, 90 g","1,99 €  39,80 €/kg "
3249,"Krõbe müsli Exotic Mix linaseemnete, jõhvikate ja kookospähkliga, 375g, AXA","2,39 €  6,37 €/kg "
3250,"Pohlamoos pudelis, PÕLTSAMAA, 385 g","3,59 €  9,32 €/kg "
3251,"Türgi õunatee, TEEKANNE, 24 g","1,99 € 3,98 €/l "
3252,"Marineeritud artišokid, CAMPAGNA, 314 ml","3,99 €  14,00 €/kg "
3253,"Ananassitükid kerges siirupis, SUNFOOD, 227 g bruto","1,49 €  11,04 €/kg "
3254,"Kohvioad Classic keskmine röst, ARVID NORDQUIST, 500 g","4,99 € 6,65 €/l "
3255,"Tatrajahu, VESKI MATI, 1 kg","2,59 €  2,59 €/kg "
3256,"Mesi ingveriga, AARE JÕUMEES, 300 g","4,59 €  15,30 €/kg "
3257,"Roheline tee The Island of tea Sencha, BASILUR, 100 g","11,99 € 23,98 €/l "
3258,"Mahe täistera nisujahu, LOODUSVÄGI, 750 g","1,79 €  2,39 €/kg "
3259,"Earl Grey tseiloni must tee, GREENFIELD, 100 g","7,99 € 10,65 €/l "
3260,"Kohvioad keskmine röst, EATNEAT, 1 kg","14,99 € 19,99 €/l "
3261,"Banaanimaitselise piimakreemiga (30%), CORNY BIG, 40g","0,79 €  19,75 €/kg "
3262,"Pohlamoos, MEIE MARI, 350 g","2,99 €  8,54 €/kg "
3263,"Mini Penne torud, PANZANI, 500 g","1,69 €  3,38 €/kg "
3264,"Pasta Fusilli (spiraal), BARILLA, 500 g","1,59 €  3,18 €/kg "
3265,"Kohviuba Tambet, TASUJA, 1 kg","7,99 € 10,65 €/l "
3266,"Kaera-riisihelbed, MYLLYN PARAS, 500 g","1,29 €  2,58 €/kg "
3267,"Mustikamaitseline kissellipulber, MIKAADO, 170 g","1,39 €  8,18 €/kg "
3268,"Premium must tee niidita kotis 100pk, DILMAH, 200 g","7,99 € 22,83 €/l "
3269,"Hommikusöögihelbed  3-1s ""Kolm sõpra"", FOXI, 500 g","1,99 €  3,98 €/kg "
3270,"Kuskuss pärli, kolmevärviline, YAMNA, 900 g","5,59 €  6,21 €/kg "
3271,"Itaalia pada, SALVEST, 530 g","2,99 €  5,64 €/kg "
3272,"Filtrikohv Presidentti Original, PAULIG, 250 g","7,99 € 10,65 €/l "
3273,"Puuviljatee Exotic Passion 20 tp, LIPTON, 32 g","8,99 € 11,99 €/l "
3274,"Mahe täistera pasta spaghetti omega 3-ga, PASTA TOSCANA, 500 g","1,79 €  3,58 €/kg "
3275,"Tee Yellow Label, LIPTON, 200 g","5,39 €  26,95 €/kg "
3276,"Tee English nr.1, AHMAD, 100 g","8,99 € 11,99 €/l "
3277,"Lahustuv kohv Classic 3in1, NESCAFE, 28x16,5 g","3,29 € 9,27 €/l "
3278,"Tee English Tea No 1, AHMAD, 50 g","1,59 €  45,43 €/kg "
3279,"Kohvioad Lavazza Espresso Barista Perfetto , LAVAZZA, 1 kg","12,99 € 25,98 €/l "
3280,"Gluteenivaba küpsetiste pulber, DR.SCHÄR, 1 kg","4,99 €  4,99 €/kg "
3281,"Must tee English Aristocratic, HYLEYS, 100 g","8,99 € 17,98 €/l "
3282,"Mahe 4-vilja helbed (rukis, oder, spelta, kaer), JAHU-JAAN, 500 g","1,49 €  2,98 €/kg "
3283,"Röst. pun. maguspiprad, GOURMANTE, 450 g","3,59 €  9,97 €/kg "
3284,"Gluteenivaba pannkoogijahu, PEAK´S, 300 g","2,49 €  8,30 €/kg "
3285,"Kohvioad tume röst, EATNEAT, 1 kg","19,99 € 39,98 €/l "
3286,"Kohvioad Cappuccino, LUXUS, 1 kg","2,99 € 5,98 €/l "
3287,"Roheline tee Gunpowder, TWININGS, 100 g","10,99 €  14,65 €/l "
3288,"Gluteenivaba universaalne küpsetusjahu, PEAK´S, 450 g","3,19 €  7,09 €/kg "
3289,"Roheline tee mustsõstraga, PÕHJALA TEETALU, 23 g","3,59 €  156,09 €/kg "
3290,"Maisitõlvikud marineeirutd, LORADO, 340 g","1,49 €  7,84 €/kg "
3291,"Tee Chai Tiger Spice Consumer, DAVID RIO, 398 g","5,59 € 7,45 €/l "
3292,"Kohvioad Dark Mountain tume röst, ARVID NORDQUIST, 1 kg","6,99 € 9,32 €/l "
3293,"Kreeka vähesoolased kalamata oliivid, FILOS DELUXE, 400 g","4,29 €  18,26 €/kg "
3294,"Jasmiiniriis, RISELLA, 1 kg","3,69 €  3,69 €/kg "
3295,"Jõhvikamaitseline tarretisepulber, MIKAADO, 80 g","0,99 €  12,38 €/tk "
3296,"Valge mango tee 20pk, APSARA, 35 g","16,99 €  33,98 €/l "
3297,"Püramiid Tropical Sunset ürditee 20pk, GREENFIELD, 36 g","7,49 € 9,99 €/l "
3298,"Roheline tee Bouquet Cream Fantacy, BASILUR, 100 g","7,49 €  9,99 €/l "
3299,"Šokolaadi ja banaaniga müslibatoon, NESTLÉ, 35 g","0,59 €  16,86 €/kg "
3300,"Roheline tee vaarikamaitseline, LIPTON, 35 g","45,90 € 61,20 €/l "
3301,"Puuviljatee Go Go Ginger 20 tp, LIPTON, 32 g","8,99 € 11,99 €/l "
3302,"Marineeritud tomat krehvtine, MÕISAPROUA, 500g","1,99 €  3,98 €/kg "
3303,"Must tee Leaf of Ceylon UVA, BASILUR, 100 g","4,79 € 6,39 €/l "
3304,"Blueberry Nights must tee mustika aroomiga, GREENFIELD, 38 g","9,99 €  13,32 €/l "
3305,"Roheline tee Bouquet Green Freshness, BASILUR, 100 g","6,49 € 8,65 €/l "
3306,"Tee Ceylon Orange Pekoe, AHMAD, 100 g","7,99 € 10,65 €/l "
3307,"Kohvioad Lavazza Espresso Barista Gran Crema , LAVAZZA, 1 kg","3,29 € 17,59 €/l "
3308,"Tomatid jõhvikamarinaadis, MÕISAPROUA, 520 g","1,99 €  3,83 €/kg "
3309,"Must tee Earl Gray apelsiniga, LIPTON, 35 g","1,99 €  52,37 €/kg "
3310,"Lahustuv kohv Classic 2in1, NESCAFE, 28x8 g","6,49 € 12,98 €/l "
3311,"Kikerherned, NATCO, 500 g","1,79 €  3,58 €/kg "
3312,"Mesi, SALLA-PRINGI MESILA, 500 g","5,59 €  11,18 €/kg "
3313,"Lahustuv kohv Gold, NESCAFE, 200 g","8,99 € 11,99 €/l "
3314,"Puuvilja tee, FRUIT GARDEN, 80 g","10,99 € 14,65 €/l "
3315,"Bulgur, LUSTUCRU, 360 g","2,19 €  6,08 €/kg "
3316,"Mahe odrahelbed, JAHU-JAAN, 500 g","1,29 €  2,58 €/kg "
3317,"Kohvioad Qualita Rossa, LAVAZZA, 1 kg","27,90 € 39,86 €/l "
3318,"Küüslauguküüned tšillimarinaadis, PICANTO, 185 g","2,29 €  12,38 €/kg "
3319,"Suvikõrvitsasalat, SALVEST, 380 g","1,15 €  3,03 €/kg "
3320,"Farfalle Bio makaronid, PANZANI, 500 g","1,89 €  3,78 €/kg "
3321,"Mustsõstratee, LONDON FRUIT & HERB, 40 g","7,99 € 10,65 €/l "
3322,"Maasikad siirupis, LORADO, 410 g","1,59 €  9,94 €/kg "
3323,"Šokolaadi dessertkaste, SCHWARTAU, 125 ml","1,49 €  11,92 €/l "
3324,"Küüslaugud äädikas, GOURMANTE, 100 g","1,69 €  28,17 €/tk "
3325,"Nisujahu (sõre), Jahu-Jaan, 750 g","1,29 €  1,72 €/kg "
3326,"Organic Penne Rigate bronze Nr.244, CASA RINALDI, 500 g","1,39 €  2,78 €/kg "
3327,"Organic Spaghetti bronze Nr.205, CASA RINALDI, 500 g","1,39 €  2,78 €/kg "
3328,"Mix It Universal gluteenivaba jahu, SCHÄR, 500 g","2,39 €  4,78 €/kg "
3329,"Tee Earl Grey, AHMAD, 100 g","2,99 €  29,90 €/kg "
3330,"Kohvioad Classic, BEST BEANS, 1 kg","15,99 € 21,32 €/l "
3331,"Pepperoni pipar 680 g, MINU, 280 g neto","1,99 €  7,11 €/kg "
3332,"Roheline tee Gunpowder, AHMAD, 100 g","29,90 € 42,71 €/l "
3333,"Basmati riis, RISO SCOTTI, 500 g","2,19 €  4,38 €/kg "
3334,"Murelikompott MINU, 680 g","2,79 €  7,97 €/kg "
3335,"Kaeramanna, MYLLYN PARAS, 1 kg","2,19 €  2,19 €/kg "
3336,"Konserveeritud tomatid tomatimahlas, UNCLE VANYA, neto 360 g","2,49 €  6,92 €/kg "
3337,"Puuviljatee Bilberry Pleasure, GURMANS, 90 g","17,99 € 25,70 €/l "
3338,"Kohvioad Tiramisu, COFFEESTAR, 200 g","22,90 € 32,71 €/l "
3339,"Kohvioad Espresso Superiore, BEST BEANS, 1 kg","6,99 € 9,32 €/l "
3340,"Indiapärane läätsesupp Masoor Dal, YELLI, 250 g","2,99 €  11,96 €/kg "
3341,"Mustikatee, LONDON FRUIT & HERB, 40 g","12,99 €  17,32 €/l "
3342,"Tšillikurgid viilutatud, FRUTICO, 740 g","1,29 €  4,16 €/kg "
3343,"Kreeka teravad terved pepperonid, ROYAL, 320 g","2,99 €  19,93 €/kg "
3344,"Kohvioad Espresso Italiano Classico, LAVAZZA, 1 kg","8,99 € 17,98 €/l "
3345,"Gluteenivaba maisijahust fusilli, SAM MILLS, 500 g","2,09 €  4,18 €/kg "
3346,"Basmati täisterariis, ANTERSDORFER MÜHLE, 500 g","3,89 €  7,78 €/kg "
3347,"Kännuseened marineeritud, GREEN, 580 g","2,49 €  7,78 €/kg "
3348,"Gluteenivaba leivajahu, PEAK´S, 450 g","2,99 €  6,64 €/kg "
3349,"Kohviuba No1, OA, 1 kg","4,49 € 8,98 €/l "
3350,"Organic Fusilli bronze Nr.260, CASA RINALDI, 500 g","1,39 €  2,78 €/kg "
3351,"Lahustuv kohv 3in1 Strong, NESCAFE, 28x17 g","12,99 € 17,32 €/l "
3352,"Mahe rukkihelbed, JAHU-JAAN, 500 g","1,29 €  2,58 €/kg "
3353,"Makaronid juustuga, FELIX, 66 g","1,49 €  22,58 €/kg "
3354,"Rohelised oliivid krevetiga, LORADO, 300 g","1,29 €  10,75 €/kg "
3355,"Must tee English Aristocratic 25pk, HYLEYS, 36 g","10,99 €  14,65 €/l "
3356,"Itaaliapärane supp peene pastaga, YELLI, 250 g","2,59 €  10,36 €/kg "
3357,"Roheline tee metsamaasika, FRUIT GARDEN, 80 g","8,99 €  11,99 €/l "
3358,"Mustikasupp, EKSTRÖMS, 465 g","4,99 €  10,73 €/kg "
3359,"Topz Minestroone, PÕLTSAMAA, 380g","2,49 €  6,55 €/kg "
3360,"Cupsolo Adapter, PAULIG, 1 tk","9,99 €  19,98 €/l "
3361,"Linguine Bio makaronid, PANZANI, 500 g","1,89 €  3,78 €/kg "
3362,"Must tee vanilli-jõhvika 25pk, GREENFIELD, 37,5 g","12,99 € 17,32 €/l "
3363,"Täistera leivajahu köömnetega, VESKI MATI, 1 kg","1,99 €  1,99 €/kg "
3364,"Täistera röstitud kiirtatrahelbed, TARTU MILL, 500 g","1,79 €  3,58 €/kg "
3365,"Must munguba, COSMOVEDA, 500 g","3,99 €  7,98 €/kg "
3366,"Kinoasupp läätsedega, 250 g, YELLI","3,59 €  14,36 €/kg "
3367,"Kikernerne ja maisi gluteenivaba pasta fusilli, BONDUELLE, 250 g","3,49 €  13,96 €/kg "
3368,"Kolme riisi segu, VESKI MATI, 500 g","2,59 €  5,18 €/kg "
3369,"Gluteenivaba maisijahust penne rigate, SAM MILLS, 500 g","2,09 €  4,18 €/kg "
3370,"Hele sojagraanul, VEGESUN, 500 g","3,99 €  7,98 €/kg "
3371,"Pikateraline riis, RISELLA, 1 kg","2,49 €  2,49 €/kg "
3372,"Eesti toortatra peentang, REMEDYWAY, 1 kg","3,99 €  3,99 €/kg "
3373,"Puhastuskapslid Cupsolo Cleaner, PAULIG, 4 tk","7,99 € 10,65 €/l "
3374,"Aasiapärane aedoasupp, YELLI, 250 g","2,59 €  10,36 €/kg "
3375,"Tume sojagraanul, VEGESUN, 500 g","3,99 €  7,98 €/kg "
3376,"Bulgur, peenjahvatus, DURU, 500 g","1,59 €  3,18 €/kg "
3377,"Must tee Earl Grey, HYLEYS, 100 g","7,49 € 9,99 €/l "
3378,"Gluteenivaba saiajahu, PEAK´S, 450 g","2,59 €  5,76 €/kg "
3379,"Organic Tortiglioni bronze Nr.248, CASA RINALDI, 500 g","1,39 €  2,78 €/kg "
3380,"Mahe speltahelbed, JAHU-JAAN, 500 g","1,69 €  3,38 €/kg "
3381,"Filtrikohv 103 Mellemristet, MERRILD, 500 g","13,99 €  27,98 €/l "
3382,"Must tee piparmündi 15pk, TEATONE, 27 g","10,99 € 21,98 €/l "
3383,"Letšo, SELVER, 680 g","1,39 €  2,04 €/kg "
3384,"Sojaribad, VEGESUN, 250 g","3,99 €  15,96 €/kg "
3385,"Valged riisikad marineeritud, GREEN, 530 g","2,39 €  7,47 €/kg "
3386,"Herneproteiini graanulid, VEGESUN, 150 g","3,99 €  26,60 €/kg "
3387,"Täistera pasta Penne omega 3-ga, PASTA TOSCANA, 500 g","1,79 €  3,58 €/kg "
3388,"Spordimüsli, VESKI MATI, 400 g","4,19 €  10,48 €/kg "
3389,"Püramiid Redberry Crumble must tee 20pk, GREENFIELD, 36 g","9,99 € 13,32 €/l "
3390,"Müsli AMAZING taassuletav, GRACI, 400 g","3,99 €  9,98 €/kg "
3391,"Õunatee kaneeliga, LONDON FRUIT & HERB, 40 g","8,99 € 11,99 €/l "
3392,"Risotto riis Arborio, RISO SCOTTI, 500 g","2,39 €  4,78 €/kg "
3393,"Jõhvika kaste portveiniga, MRS. BRIDGES, 340 g","3,99 €  11,74 €/kg "
3394,"Neljaviljahelbed kaerakliidega, NORDIC, 600 g","1,29 €  2,15 €/kg "
3395,"Merekarbid, PRESTO, 400 g","0,59 €  1,48 €/kg "
3396,"Durumpasta Fusilli, SELVER, 500 g","0,59 €  1,18 €/kg "
3397,"Euroopa köök ""Seenesupp peene pastaga"", YELLI, 250 g","5,99 €  23,96 €/kg "
3398,"Müsli ENERGETIC+ taassuletav, GRACI, 400 g","3,99 €  9,98 €/kg "
3399,"Päikesekuivatatud tomatid õlivabas kastmes, PONTI, 160 g","2,89 €  18,06 €/kg "
3400,"Durumpasta Penne, SELVER, 500 g","0,59 €  1,18 €/kg "
3401,"Bulgur, jämejahvatus, DURU, 500 g","1,59 €  3,18 €/kg "
3402,"Neljaviljahelbed karbis, VESKI MATI, 500 g","0,89 €  1,78 €/kg "
3403,"Matcha tee, THS, 80 g","32,90 €  32,90 €/l "
3404,"Espresso kohvioad, MOVENPICK, 1 kg","5,99 € 3,00 €/l "
3405,"Café Crema kohvioad, MOVENPICK, 1 kg","13,99 €  18,65 €/l "
3406,"Pudruriis (Ümarateraline riis), BALTIX, 1 kg","1,99 €  1,99 €/kg "
3407,"Hirsihelbed, BALTIX, 500 g","1,19 €  2,38 €/kg "
3408,"Kiirkaerahelbed, MYLLYN PARAS, 320 g","0,99 €  3,09 €/kg "
3409,"Neljaviljahelbed, MYLLYN PARAS, 320 g","0,99 €  3,09 €/kg "
3410,"Hirsihelbed, MYLLYN PARAS, 320 g","1,49 €  4,66 €/kg "
3411,"Kreemjas mahe maapähklivõi, NATTY PÄHKLIVÕID, 333g","6,99 €  20,99 €/kg "
3412,"Krõbisev mahe maapähklivõi, NATTY PÄHKLIVÕID, 333g","6,99 €  20,99 €/kg "
3413,"Chia Seemnetega mahe maapähklivõi, NATTY PÄHKLIVÕID, 333g","6,99 €  20,99 €/kg "
3414,"Kašu mahe indiapähklivõie, NATTY PÄHKLIVÕID, 333g","12,99 €  39,01 €/kg "
3415,"Hommikuhelbed Frosties, KELLOGG'S, 330 g","2,99 €  9,06 €/kg "
3416,"Rootsi mustika tee, TEEKANNE, 45 g","39,90 €  8,87 €/l "
3417,"Penne Mezzane (peenike torumakaron), REGGIA, 500 g","1,19 €  2,38 €/kg "
3418,"Riis aurutatud (sõmer) 4x125g, TARTU MILL, 500 g","1,19 €  2,38 €/kg "
3419,"Kanamaitselised kiirnuudlid, MAGGI, 59,2 g","0,49 €  8,31 €/kg "
3420,"Veiselihamaitselised kiirnuudlid, MAGGI, 59,2 g","0,49 €  8,28 €/kg "
3421,"Juustumaitselised kiirnuudlid, MAGGI, 59,2 g","0,49 €  8,31 €/kg "
3422,"Nisuhelbed, NORDIC, 600 g","1,29 €  2,15 €/kg "
3423,"Magic Asia Sesame Chicken (tops), MAGGI, 75 g","1,59 €  21,20 €/kg "
3424,"Magic Asia Sweet&Chilly (tops), MAGGI, 75 g","1,59 €  21,20 €/kg "
3425,"Magic Asia Teryaki (tops), MAGGI, 75 g","1,59 €  21,20 €/kg "
3426,"Mandlijahu, UMAMI, 300 g","6,99 €  23,30 €/kg "
3427,"Kiirnuudlid kanamaitselised, BIG BON, 75 g","0,59 €  7,87 €/kg "
3428,"Grill-lihanuudlid, BIG BON MAX, 95 g","1,39 €  14,63 €/kg "
3429,"Kartulipuder vasika lihaga, BIG-LUNCH, 50 g","0,89 €  17,80 €/kg "
3430,"Kartulipuder saia kuubikutega ja sibulaga, BIG-LUNCH, 50 g","0,89 €  17,80 €/kg "
3431,"Kartulipuder kana kastmes, BIG-LUNCH, 50 g","0,89 €  17,80 €/kg "
3432,"Jahvatatud kohv Classic Cremoso, PAULIG, 500 g","8,49 € 11,32 €/l "
3433,"Kiirnuudlid loomalihaga, ROLLTON, 60 g","0,39 €  6,50 €/kg "
3434,"Kiirnuudlid kanaga topsis, ROLLTON, 75 g","0,99 €  13,20 €/tk "
3435,"Kartulipüree kanalihamaitseline, ROLLTON, 37 g","0,79 €  21,35 €/kg "
3436,"Kartulipüree liha maitseline, ROLLTON, 37 g","0,79 €  21,35 €/kg "
3437,"Kartulipüree koorega, ROLLTON, 37 g","0,79 €  21,35 €/kg "
3438,"Tahiini seesamipasta, MAKEDOONIA, 300 g","3,99 €  13,30 €/kg "
3439,"Hommikusöök ""Cookie rings"", OHO, 150 g","0,89 €  5,93 €/kg "
3440,"Hommikusöök ""Fruity froops"", OHO, 150 g","0,89 €  5,93 €/kg "
3441,"Vaarikakamoos steviaga, GOOD GOOD, 330 g","3,99 €  12,09 €/kg "
3442,"Ananassiviilud omas mahlas (EO), ELDORADO, 340 g","2,59 €  4,58 €/kg "
3443,"Kiirnuudlid juustu ja peekoniga, ROLLTON, 60 g","0,39 €  6,50 €/kg "
3444,"Pasta cornetti, VESKI MATI, 400 g","0,99 €  2,48 €/kg "
3445,"Pasta Fusilli, VESKI MATI, 400 g","0,99 €  2,48 €/kg "
3446,"Spaghetti, VESKI MATI, 400 g","0,99 €  2,48 €/kg "
3447,"Kamapallid, BALSNACK, 30 g","0,79 €  26,33 €/kg "
3448,"Rõõmsud - puuviljamaitselised teraviljarõngad, LOTTE, 225 g","1,19 €  5,29 €/kg "
3449,"Cornflakes, CERERA, 500 g","1,69 €  3,38 €/kg "
3450,"Hommikuhelbed Zimmys, KELLOGG'S, 330 g","3,59 €  10,88 €/kg "
3451,"Mooniseemnekoogi jahu, VILMA, 400 g","1,99 €  4,98 €/kg "
3452,"Pannkoogijahu, VILMA, 400 g","1,29 €  3,23 €/kg "
3453,"Ülepannikoogijahu, VILMA, 400 g","1,29 €  3,23 €/kg "
3454,"Taimetee Herbal Collection 20pk, PUKKA, 34 g","1,49 € 4,52 €/l "
3455,"Taime tee Night Time 20pk, PUKKA, 20 g","5,99 €  176,18 €/kg "
3456,"Magus mais (klaaspurk), BONDUELLE, 580 ml","1,59 €  2,74 €/l "
3457,"Kaerajahu püül, TAMMEJUURE MAHETALU, 700 g","2,29 €  3,27 €/kg "
3458,"Sepikujahu, VESKI MATI, 1 kg","1,09 €  1,09 €/kg "
3459,"Farfalle la RUVIDA Bronze, REGGIA, 500 g","1,99 €  3,98 €/kg "
3460,"ÖKO Tatar, TARTU MILL, 500 g","2,19 €  4,38 €/kg "
3461,"Kiviveski täistera rukkimanna, TAMMEJUURE MAHETALU, 700 g","1,79 €  2,56 €/kg "
3462,"Kiviveski täistera nisumanna, TAMMEJUURE MAHETALU, 700 g","1,79 €  2,56 €/kg "
3463,"Kinkepakk 4*püramiidtee + kruus, GREENFIELD, 148 g","10,49 € 13,99 €/l "
3464,"Kakao Opti-Start, NESQUIK, 700 g","2,69 € 2,69 €/l "
3465,"Assortii kornishon-kirsstomat marineeritud Green 720ml, GREEN, 360 g","1,89 €  5,25 €/kg "
3466,"Kibuvitsa-hibiskitee, HERBA, 50g","0,79 €  2,39 €/l "
3467,"Glut.vaba pizzapõhja segu, BAUCKHOF, 350 g","3,29 €  9,40 €/kg "
3468,"Punase läätsejahu, MÜLLERS MÜHLE, 400 g","4,29 €  10,73 €/kg "
3469,"Mahe Pannkoogijahu täisterajahuga, NONNA, 425 g","2,89 €  6,80 €/kg "
3470,"Mahe maapirni pannkoogijahu, NONNA, 400 g","4,19 €  10,48 €/kg "
3471,"Odrakruup 4x100g, BALTIX, 400 g","0,69 €  1,73 €/kg "
3472,"Kummelitee, HERBA, 31,3g","11,99 € 17,13 €/l "
3473,"Puuviljatee, HERBA, 50g","14,99 € 21,41 €/l "
3474,"Piparmünditee, HERBA, 37,5 g","0,99 €  19,80 €/kg "
3475,"Apteegitillitee, HERBA, 43,8g","1,49 € 2,98 €/l "
3476,"Tomatid omas mahlas 680 g, MINU, 350 g neto","1,19 €  3,40 €/kg "
3477,"Mahe maapirnijahu (külmkuivatatud), NONNA HEALTH, 150 g","9,99 €  66,60 €/kg "
3478,"Maitseainesegu Idea mahlasele kanale BBQ, MAGGI, 38 g","1,19 €  31,32 €/kg "
3479,"Vanillikreemi pulber, RUF, 2 tk","1,99 €  1,00 €/tk "
3480,"Mitmeviljahelbepuder seemnete ja porgandiga, HELEN HELDE, 500 G","2,99 €  5,98 €/kg "
3481,"Vegan munapulber, ORGRAN, 200 g","5,29 €  26,45 €/kg "
3482,"Ürdisegu Herbes de la Provence, NATUR COMPAGNIE, 80 g","2,29 €  28,63 €/kg "
3483,"Hirss, VESKI MATI, 500 g","0,99 €  1,98 €/kg "
3484,"HULGI Röstitud jämedad kaerahelbed 4tk, VESKI MATI, 4 x 1 kg","4,00 €  1,00 €/kg "
3485,"HULGI Spagetid Spaghetti 4tk, PANZANI, 4 x 500 g","4,00 €  2,00 €/kg "
3486,"HULGI Kiirnuudlid juustu- ja ürdimaitselised 10tk, KNORR, 10 x 61 g","4,00 €  6,56 €/kg "
3487,"HULGI Helbed seemnete ja kliidega 4tk, VESKI MATI, 4 x 500 g","3,00 €  1,50 €/kg "
3488,"HULGI Täistera puuviljamüsli 2tk, VESKI MATI, 2 x 500 g","4,50 €  4,50 €/kg "
3489,"HULGI Hernesupp 6-pakk, 3MIN, 6 x 500 g","6,00 €  2,00 €/kg "
3490,"HULGI Ühepajatoit sealihaga 4-pakk, SALVEST, 4 x 530 g","8,00 €  3,77 €/kg "
3491,"HULGI Letšo 6-pakk, SALVEST, 6 x 680 g","8,00 €  1,96 €/kg "
3492,"HULGI Magus-vürtsikas köögiviljasalat 4-pakk, SALVEST, 4 x 380g","9,00 €  5,92 €/kg "
3493,"HULGI Küüslaugukurk 4 pakk, SALVEST, 4 x 675 g (neto 360g)","7,00 €  4,86 €/kg "
3494,"HULGI Õunamoos 3-pakk, SALVEST MEIE MARI, 3 x 350g","6,00 €  5,71 €/kg "
3495,"HULGI Teokarbikujulised kakaohelbed 3tk, FOXI, 3 x 500 g","4,00 €  2,67 €/kg "
3496,"Mitmeviljahelbepuder õuna ja musta sõstraga, HELEN HELDE, 500 g","2,99 €  5,98 €/kg "
3497,"Mitmeviljahelbepuder jõhvika, kookose ja õunaga, HELEN HELDE, 500 G","2,99 €  5,98 €/kg "
3498,"Terav.padjakesed kakao, VÄIKE VÄÄNIK, 250 g","1,59 €  6,36 €/kg "
3499,"Hernejahu MAHE, TAMMEJUURE MAHETALU, 700 g","2,29 €  3,27 €/kg "
3500,"Tomatid marinaadis, MINU, 350g","1,19 €  3,40 €/kg "
3501,"Metspohlamoos, KÜLLUS, 400 g","3,99 €  9,98 €/kg "
3502,"Ingveri, apelsini, õunatee, TEEKANNE, 35 g","1,39 € 5,56 €/l "
3503,"Täistera kaerapannkoogid, TARTU MILL, 300 g","1,29 €  4,30 €/kg "
3504,"Kartulipannkoogid, TARTU MILL, 200 g","1,59 €  7,95 €/kg "
3505,"Nisujahu T550, VESKI MATI, 2 kg","1,19 €  0,60 €/kg "
3506,"Krõbedad vahvlid küpsetussegu, VESKI MATI, 400 g","1,19 €  2,98 €/kg "
3507,"Paksud vahvlid küpsetussegu, VESKI MATI, 400 g","1,19 €  2,98 €/kg "
3508,"Red Velvet küpsetussegu, VESKI MATI, 400 g","1,89 €  4,73 €/kg "
3509,"Marmormuffini küpsetussegu, VESKI MATI, 400 g","1,49 €  3,73 €/kg "
3510,"Sunnuntai gluteenivaba jahusegu, ELOVENA, 1 kg","6,99 €  6,99 €/kg "
3511,"Linguine la RUVIDA Bronze, REGGIA, 500 g","1,99 €  3,98 €/kg "
3512,"Terav.padjakesed vanilje, VÄIKE VÄÄNIK, 250 g","1,59 €  6,36 €/kg "
3513,"Suhkur, DAN SUKKER, 1 kg","0,69 €  0,69 €/kg "
3514,"Pärm, NORDIC, 50 g","0,15 €  3,00 €/kg "
3515,"Kuivpärm, , 2x12 g","0,69 €  28,75 €/kg "
3516,"Pruun roosuhkur, DAN SUKKER, 750 g","1,89 €  2,52 €/kg "
3517,"Tortilja 8tk, SANTA MARIA, 320 g","2,59 €  8,09 €/kg "
3518,"Täisteratortilja 8tk, SANTA MARIA, 320 g","2,59 €  8,09 €/kg "
3519,"Kaneel (jahvatatud), SANTA MARIA, 22 g","0,69 €  31,36 €/kg "
3520,"Söögisooda, 500 g","0,59 €  1,18 €/kg "
3521,"Munanuudlid, SANTA MARIA, 200 g","1,49 €  7,45 €/kg "
3522,"Kuivpärm, VESKI MATI, 11 g","0,39 €  35,45 €/kg "
3523,"Kookospiim, SANTA MARIA, 250 ml","1,79 €  7,16 €/l "
3524,"Taco maitseainesegu, SANTA MARIA, 28 g","0,79 €  28,21 €/kg "
3525,"Kookospiim, THAI CHOICE, 400 ml","2,39 €  5,98 €/l "
3526,"Kanapuljong, FOODSTUDIO, 750 ml","3,79 €  5,05 €/l "
3527,"Must terapipar, SANTA MARIA, 22 g","0,99 €  45,00 €/kg "
3528,"Nisutortilja, SANTA MARIA, 371 g","2,89 €  7,79 €/kg "
3529,"Kanapuljong, MAGGI, 120 g","0,99 €  8,25 €/kg "
3530,"Nachos krõpsud, SANTA MARIA, 185 g","1,79 €  9,68 €/kg "
3531,"Tortilja krõpsud kerge soolaga, SANTA MARIA, 185 g","1,79 €  9,68 €/kg "
3532,"Riisinuudlid, SANTA MARIA, 180 g","1,99 €  11,06 €/kg "
3533,"Kookospiim, SANTA MARIA, 400 ml","2,89 €  7,23 €/l "
3534,"Küpsetusšokolaad Tume 70%, KALEV, 200 g","2,79 €  13,95 €/kg "
3535,"Sool Ekstra, TAPROBAN, 1 kg","0,45 €  0,45 €/kg "
3536,"Tortilja krõpsud juustu, SANTA MARIA, 185 g","1,79 €  9,68 €/kg "
3537,"Purustatud must pipar, SANTA MARIA, 18 g","0,99 €  55,00 €/kg "
3538,"Jäme meresool, MEIRA, 800 g","0,69 €  0,86 €/kg "
3539,"Küpsetuspulber, MEIRA, 100 g","1,09 €  10,90 €/kg "
3540,"Kakaopulber vähendatud rasvasisaldusega, KALEV, 150 g","1,99 €  13,27 €/kg "
3541,"Fajita maitseainesegu, SANTA MARIA, 28 g","0,79 €  28,21 €/kg "
3542,"Küpsetuspulber, SANTA MARIA, 45 g","0,49 €  10,89 €/kg "
3543,"Krõbe paneering kanale, SANTA MARIA, 50 g","1,39 €  27,80 €/kg "
3544,"Kiirnuudlid vürtsikas-hapu, THAI CHOICE, 85 g","0,69 €  8,12 €/kg "
3545,"Kanapuljong tilli-peterselliga., MAGGI, 120 g","0,99 €  8,25 €/kg "
3546,"Mahe taco kaste, SANTA MARIA, 230 g","2,79 €  12,13 €/kg "
3547,"Minitortilja, SANTA MARIA, 200 g","1,69 €  8,45 €/kg "
3548,"Lahja kookospiim, THAI CHOICE, 400 ml","1,59 €  3,98 €/l "
3549,"Paprika (jahvatatud), SANTA MARIA, 22 g","0,69 €  31,36 €/kg "
3550,"Tortilja krõpsud juustu ja jalapenoga, SANTA MARIA, 185 g","1,89 €  10,22 €/kg "
3551,"Supisegu Tom Kha, SANTA MARIA, 30 g","1,29 €  43,00 €/kg "
3552,"Küpsetusšokolaad piima, KALEV, 200 g","2,79 €  13,95 €/kg "
3553,"Veiselihapuljong Kostilja, MAGGI, 120 g","1,09 €  9,08 €/kg "
3554,"Aedviljapuljong, MAGGI, 120 g","0,99 €  8,25 €/kg "
3555,"Täistera tortillad 4 tk, POCO LOCO, 245 g","1,59 €  6,49 €/kg "
3556,"Küpsetusšokolaad Valge, KALEV, 200 g","2,79 €  13,95 €/kg "
3557,"Suhkur Demerara, DAN SUKKER, 500 g","1,59 €  3,18 €/kg "
3558,"Tuhksuhkur, DAN SUKKER, 500 g","0,99 €  1,98 €/kg "
3559,"Tikka Masala maitseainesegu, SANTA MARIA, 35 g","1,19 €  34,00 €/kg "
3560,"Kohvivalgendaja, COFFEETA, 200 g","0,99 €  4,95 €/kg "
3561,"Vokikaste Pad Thai, SANTA MARIA, 150 g","1,49 €  9,93 €/kg "
3562,"Mitmevilja tortiljad, POCO LOCO, 245 g","1,49 €  6,08 €/kg "
3563,"Nacho juustudipp, SANTA MARIA, 250 g","3,19 €  12,76 €/kg "
3564,"Merevetika snäkk oliiviõli maitsega, SEA CRUNCHY, 10 g","1,69 €  169,00 €/kg "
3565,"Karri, SANTA MARIA, 25 g","0,69 €  27,60 €/kg "
3566,"Pitsamaitseaine, SANTA MARIA, 5 g","0,69 €  138,00 €/kg "
3567,"Vanillisuhkur, MEIRA, 85 g","1,99 €  23,41 €/kg "
3568,"Hakklihamaitseaine, SANTA MARIA, 80 g","1,49 €  18,63 €/kg "
3569,"Veisepuljong, FOODSTUDIO, 750 ml","3,79 €  5,05 €/l "
3570,"Dipikaste Tex-Mex, SANTA MARIA, 250 g","3,19 €  12,76 €/kg "
3571,"Vanillisuhkur, SANTA MARIA, 20 g","0,99 €  49,50 €/kg "
3572,"Kiirnuudlid kanalihamaitselised, THAI CHOICE, 85 g","0,69 €  8,12 €/kg "
3573,"Kartulimaitseaine pakk, SANTA MARIA, 100 g","1,49 €  14,90 €/kg "
3574,"Tortiljakrõpsud BBQ ja peekoniga, SANTA MARIA, 185 g","1,89 €  10,22 €/kg "
3575,"Kookoskreem, THAI CHOICE, 400 ml","2,69 €  6,73 €/l "
3576,"Himaalaja sool, , 1 kg","1,79 €  1,79 €/kg "
3577,"Jahvatatud must pipar, SANTA MARIA, 16 g","0,99 €  61,88 €/kg "
3578,"Tex Mex ananassi Salsa, SANTA MARIA, 230 g","2,79 €  12,13 €/kg "
3579,"Pitsatortilja, SANTA MARIA, 280 g","2,79 €  9,96 €/kg "
3580,"Kanapuljong, FOODSTUDIO, 350 ml","2,69 €  7,69 €/l "
3581,"Sidrunipipar pakk, SANTA MARIA, 30g","1,09 €  36,33 €/kg "
3582,"Tortilla krõpsud tšilli, SANTA MARIA, 185 g","1,79 €  9,68 €/kg "
3583,"Till, SANTA MARIA, 7 g","0,69 €  98,57 €/kg "
3584,"Terav taco kaste, SANTA MARIA, 230 g","2,79 €  12,13 €/kg "
3585,"Maisitortilja 8tk, SANTA MARIA, 336 g","2,59 €  7,71 €/kg "
3586,"Kookoskreem, SANTA MARIA, 250 ml","2,39 €  9,56 €/l "
3587,"Kardemon jahvatatud, MEIRA, 8 g","0,49 €  61,25 €/kg "
3588,"Hakklihamaitseaine, SANTA MARIA, 30 g","0,69 €  23,00 €/kg "
3589,"Maisikrõpsud vürtsikad pipramaitselised, DORITOS, 100 g","1,39 €  13,90 €/kg "
3590,"Veiselihamaitselised kiirnuudlid kilepakis, THAI CHOICE, 85 g","0,69 €  8,12 €/kg "
3591,"Sidrunipipar pakk, SANTA MARIA, 80g","1,99 €  24,88 €/kg "
3592,"Tex Mex Taco Shells, SANTA MARIA, 135 g","3,29 €  24,37 €/kg "
3593,"Loorberileht, ANATOLS, 10 g","0,99 €  99,00 €/kg "
3594,"Vegeta maitseaine juurviljadega, PODRAVKA, 75 g","0,79 €  10,53 €/kg "
3595,"Kaneel jahvatatud, SANTA MARIA, 40 g","1,29 €  32,25 €/kg "
3596,"Aedviljapuljong, FOODSTUDIO, 750 ml","3,79 €  5,05 €/l "
3597,"Kookospiim, väherasvane, SANTA MARIA, 250 ml","1,19 €  4,76 €/l "
3598,"Taco maitseainesegu kanale, SANTA MARIA, 28 g,","1,39 €  49,64 €/kg "
3599,"Liha üldmaitseaine, SANTA MARIA, 70 g","1,09 €  15,57 €/kg "
3600,"Lehtželatiin, MEIRA, 20 g","1,39 €  69,50 €/kg "
3601,"Tai riisinuudlid, THAI CHOICE, 454 g","2,99 €  6,59 €/kg "
3602,"Magus tšillikaste, SANTA MARIA, 585 g","3,29 €  5,62 €/kg "
3603,"Tüümian, SANTA MARIA, 10 g","0,69 €  69,00 €/kg "
3604,"Küüslaugupulber, MEIRA, 40 g","0,99 €  24,75 €/kg "
3605,"Koorene Kukeseene kaste, FS GOODS, 350 ml","3,99 €  11,40 €/l "
3606,"Kookospiim, KARA, 200 g","1,29 €  6,45 €/kg "
3607,"Suhkur Demerara, BILLINGTONS, 500 g","1,99 €  3,98 €/kg "
3608,"Mandlipulber, MEIRA, 80 g","2,39 €  29,88 €/kg "
3609,"Küpsetuskakao, FAZER, 200 g","2,99 €  14,95 €/kg "
3610,"Maitseaine, VEGETA, 200 g","1,59 €  7,95 €/kg "
3611,"Sidrunihape, VALEZS, 25 g","0,19 €  7,60 €/kg "
3612,"Kartulimaitseaine, SANTA MARIA, 30 g","0,69 €  23,00 €/kg "
3613,"Kookospiim 17% Bio Organic, COCOMI, 400 ml","2,69 €  6,73 €/l "
3614,"Kalamaitseaine sidruniga, SANTA MARIA, 23 g","0,79 €  34,35 €/kg "
3615,"Loorberilehed, SANTA MARIA, 4 g","0,99 €  247,50 €/kg "
3616,"Fariinsuhkur, DAN SUKKER, 500 g","1,19 €  2,38 €/kg "
3617,"Kartulitärklis, NORDIC, 500 g","1,39 €  2,78 €/kg "
3618,"Suhkur granuleeritud, BILLINGTONS, 1 kg","3,99 €  3,99 €/kg "
3619,"Broilerimaitseaine, SANTA MARIA, 30 g","0,69 €  23,00 €/kg "
3620,"Jalopeno viilud, SANTA MARIA, 215 g","3,39 €  30,82 €/kg "
3621,"Teriyaki marinaad, SANTA MARIA, 75 g","0,79 €  10,53 €/kg "
3622,"Merevetika snäkk rohelise tee maitsega, SEA CRUNCHY, 10 g","1,69 €  169,00 €/kg "
3623,"Mandlilaastud, MEIRA, 50 g","1,89 €  37,80 €/kg "
3624,"Petersell, SANTA MARIA, 4 g","0,69 €  172,50 €/kg "
3625,"Želatiin, SANTA MARIA, 25 g","0,69 €  27,60 €/kg "
3626,"Köömned, ANATOLS, 30 g","0,29 €  9,67 €/kg "
3627,"Maisikrõpsud juustumaitselised, DORITOS, 100 g","1,39 €  13,90 €/kg "
3628,"Magus tšillikaste, THAI CHOICE, 700 ml","3,79 €  5,41 €/l "
3629,"Kookoshelbed, MEIRA, 180 g","1,89 €  10,50 €/kg "
3630,"Magus chillikaste, THAI CHOICE, 200 g","1,69 €  8,45 €/kg "
3631,"Vokikaste magus-hapu, SANTA MARIA, 150 g","2,19 €  14,60 €/kg "
3632,"Basiilik pakk, SANTA MARIA, 6 g","0,79 €  131,67 €/kg "
3633,"Kurkum jahvatatud, 20g, SANTA MARIA","0,69 €  34,50 €/kg "
3634,"Kiirnuudlid kanalihamaitsega, THAI CHOICE, 60 g","1,29 €  21,50 €/kg "
3635,"Sojakaste, JAPANESE CHOICE, 200 ml","2,59 €  12,95 €/l "
3636,"Dipikastmesegu American Ranch, SANTA MARIA, 14 g","0,79 €  56,43 €/kg "
3637,"Guacamole-kastme maitseainesegu, SANTA MARIA, 15 g","0,79 €  52,67 €/kg "
3638,"Küüslauk tükeldatud, 25g, SANTA MARIA","0,79 €  31,60 €/kg "
3639,"Broilerimaitseaine pakk, SANTA MARIA, 90 g","1,49 €  16,56 €/kg "
3640,"Tortilja krõpsud juustu, SANTA MARIA, 475 g","3,99 €  8,40 €/kg "
3641,"Köögivilja puljong, suhkruvaba, 8 kuubikut, NATUR COMPAGNIE, 84 g","2,19 €  26,07 €/kg "
3642,"Mandlilaastud, MEIRA, 160 g","3,99 €  24,94 €/kg "
3643,"Oregano, KOTANYI, 12 g","0,89 €  74,17 €/kg "
3644,"Maisitärklis, RUF, 400 g","1,19 €  2,98 €/kg "
3645,"Dipikastmesegu juustu, SANTA MARIA, 15 g","0,79 €  49,38 €/kg "
3646,"Köömned, SANTA MARIA, 20 g","0,69 €  34,50 €/kg "
3647,"Chunky Salsa, SANTA MARIA, 230 g","2,79 €  12,13 €/kg "
3648,"Vahemere ürdisegu, SANTA MARIA, 12 g","0,69 €  57,50 €/kg "
3649,"Thai Wok kana maitseainesegu, SANTA MARIA, 30 g","1,39 €  46,33 €/kg "
3650,"Valge küpsetusšokolaad, FAZER, 100 g","1,89 €  18,90 €/kg "
3651,"Želatiin, Take 1 Chef, 70 g","1,59 €  22,71 €/kg "
3652,"Vanilliinsuhkur, ANATOLS, 20 g","0,25 €  12,50 €/kg "
3653,"Tume küpsetusšokolaad, FAZER, 250 g","3,09 €  12,36 €/kg "
3654,"Vaniljesuhkur 15g, Kotanyi","0,79 €  39,50 €/kg "
3655,"Veisepuljong, FOODSTUDIO, 350 ml","2,69 €  7,69 €/l "
3656,"Kookose-karri kaste, gluteenivaba, laktoosivaba, FOODSTUDIO, 350 ml","3,99 €  11,40 €/l "
3657,"Koriander purustatud, SANTA MARIA, 20 g","0,69 €  34,50 €/kg "
3658,"Mini Taco maisikausid, SANTA MARIA, 120 g","3,19 €  26,58 €/kg "
3659,"Garam Masala maitseainesegu, SANTA MARIA, 33 g","1,19 €  36,06 €/kg "
3660,"Mahe kartulitärklis, ALOJAS, 500 g","1,49 €  2,98 €/kg "
3661,"Kaneel jahvatatud, SANTA MARIA, 210 g","4,49 €  21,38 €/kg "
3662,"Kanapuljong, suhkruvaba, 8 tk, NATUR COMPAGNIE, 88 g","2,89 €  32,84 €/kg "
3663,"Rosmariin, SANTA MARIA, 15 g","0,69 €  46,00 €/kg "
3664,"Sidrunihape, SANTA MARIA, 30 g","0,49 €  16,33 €/kg "
3665,"Teriyaki kaste, SANTA MARIA, 300 ml","5,29 €  17,63 €/l "
3666,"Kartulitärklis, ALOJAS, 400 g","0,99 €  2,48 €/kg "
3667,"Tikka Masala kaste, SANTA MARIA, 350 g","3,29 €  9,40 €/kg "
3668,"Küpsetuspulber 160g, DR.OETKER, 160 g","1,29 €  8,06 €/tk "
3669,"Cayenne'i pipar, 30g, SANTA MARIA","1,29 €  43,00 €/kg "
3670,"Kartulimaitseaine, 350g, SANTA MARIA","3,99 €  11,40 €/kg "
3671,"Vanilliinsuhkur, SANTA MARIA, 35 g","0,49 €  14,00 €/kg "
3672,"Ekstratume küpsetusšokolaad, FAZER, 100 g","1,89 €  18,90 €/kg "
3673,"Klassikaline kanamarinaad, SANTA MARIA, 75 g","0,89 €  11,87 €/kg "
3674,"Persillade, SANTA MARIA, 35 g","0,69 €  19,71 €/kg "
3675,"Steviaga suhkruasendaja – stevioolglükosiidil ja erütritoolil põhinev lauamagusaine, UMAMI, 300 g","4,99 €  16,63 €/kg "
3676,"Sool, 92g, SANTA MARIA","1,29 €  14,02 €/kg "
3677,"Sidrunihape, ANATOLS, 40 g","0,39 €  9,75 €/kg "
3678,"Liha üldmaitseaine, SANTA MARIA, 35 g","0,79 €  22,57 €/kg "
3679,"Peenestatud till, KOTANYI, 11 g","0,89 €  80,91 €/kg "
3680,"Aasia puljong, FOODSTUDIO, 750 ml","3,79 €  5,05 €/l "
3681,"Üldmarinaad liha, kala, kana, SANTA MARIA, 75 g","0,89 €  11,87 €/kg "
3682,"Kurkum, MEIRA, 60 g","1,19 €  19,83 €/kg "
3683,"Tortilja, WANTED, 370 g","2,19 €  5,92 €/kg "
3684,"Küüslaugusool, SANTA MARIA, 40 g","0,69 €  17,25 €/kg "
3685,"Vanilliinsuhkur, VALEZS, 25 g","0,19 €  7,60 €/kg "
3686,"Riisi niitnuudlid, THAI CHOICE, 200 g","1,59 €  7,95 €/kg "
3687,"Vanillisuhkur, RUF, 10 tk","0,45 €  0,45 €/tk "
3688,"Vaniljesuhkur, DR.OETKER, 160 g","2,19 €  13,69 €/kg "
3689,"Punane karripasta, THAI CHOICE, 110 g","2,39 €  21,73 €/kg "
3690,"Loorberilehed, KOTANYI, 4 g","0,89 €  222,50 €/kg "
3691,"Ramen nuudlid, SANTA MARIA, 200 g","2,39 €  11,95 €/kg "
3692,"Ökoloogiline roosuhkur, DAN SUKKER, 750 g","2,19 €  2,92 €/kg "
3693,"Tai traditsionaalsed nuudlid, THAI CHOICE, 250 g","2,19 €  8,76 €/kg "
3694,"Vahtrasiirup, TOMAHAWK, 250 ml","6,99 €  27,96 €/l "
3695,"Maitseainesegu punase karri, SANTA MARIA, 40 g","1,29 €  32,25 €/kg "
3696,"Sibulapulber, MEIRA, 30 g","0,99 €  33,00 €/kg "
3697,"Terriyaki kaste, THAI CHOICE, 200 ml","1,99 €  9,95 €/l "
3698,"Moosisuhkur, DAN SUKKER, 1 kg","1,99 €  1,99 €/kg "
3699,"Punase veini kaste, FOODSTUDIO, 230 ml","3,99 €  17,35 €/l "
3700,"Pitsamaitseaine, MEIRA, 32 g","1,39 €  43,44 €/kg "
3701,"Tortilja krõpsud juustuga, WANTED, 200 g","1,59 €  7,95 €/kg "
3702,"Tortilja krõpsud tšilliga, WANTED, 200 g","1,59 €  7,95 €/kg "
3703,"Must terapipar, ANATOLS, 15 g","0,69 €  46,00 €/kg "
3704,"Aroomisool, SANTA MARIA, 40 g","0,69 €  17,25 €/kg "
3705,"Mahe kookospiim (17%), LOODUSVÄGI, 400 ml","2,69 €  6,73 €/l "
3706,"Jahvatatud must pipar, SANTA MARIA, 45 g","2,39 €  53,11 €/kg "
3707,"Vürtsköömen, 20g, SANTA MARIA","0,89 €  44,50 €/kg "
3708,"Kalapuljong, FOODSTUDIO, 750 ml","3,79 €  5,05 €/l "
3709,"Vahemere ürdisegu, MEIRA, 9 g","0,49 €  54,44 €/kg "
3710,"Marinaad magus tšilli, SANTA MARIA, 75 g","0,79 €  10,53 €/kg "
3711,"Tšillipipar Red Hot, helbed, 28g, SANTA MARIA","1,89 €  67,50 €/kg "
3712,"Kivisool, SANTA MARIA, 455 g","4,99 €  10,97 €/kg "
3713,"Peenestatud tüümian, KOTANYI, 14 g","0,89 €  63,57 €/kg "
3714,"Persillade , 48g, SANTA MARIA","1,29 €  26,88 €/kg "
3715,"Ekstrapeen valge suhkur, DAN SUKKER, 1 kg","1,29 €  1,29 €/kg "
3716,"Kanapuljong 15 tk, GALLINA BLANCA, 150 g","1,29 €  8,60 €/kg "
3717,"Maitsepärm, BON, 125 g","3,49 €  27,92 €/kg "
3718,"Peenestatud basiilik, KOTANYI, 9 g","0,89 €  98,89 €/kg "
3719,"Sidrunipipar, 55g, SANTA MARIA","1,89 €  34,36 €/kg "
3720,"Korma kaste, SANTA MARIA, 350 g","3,29 €  9,40 €/kg "
3721,"Karri, SANTA MARIA, 34 g","1,29 €  37,94 €/kg "
3722,"Vokikaste austri ja küüslauguga, SANTA MARIA, 150 g","2,19 €  14,60 €/kg "
3723,"Gorditas - pehmed tacod, POCO LOCO, 272 g","1,49 €  5,48 €/kg "
3724,"Herby basiiliku salatikaste, FS GOODS, 200 ml","2,99 €  14,95 €/l "
3725,"Kookospiim, KARA, l","4,99 €  4,99 €/kg "
3726,Salatiseemnete segu,"0,69 €  23,00 €/kg "
3727,"Must pipar purustatud, MEIRA, 27 g","0,89 €  32,96 €/kg "
3728,"Maitseainesegu rohelise karri, SANTA MARIA, 40 g","1,29 €  32,25 €/kg "
3729,"Kurkum jahvatatud, SANTA MARIA, 35 g","1,29 €  36,86 €/kg "
3730,"Prantsuse ürdisegu, SANTA MARIA, 6 g","0,69 €  115,00 €/kg "
3731,"Ökoloogiline valge suhkur, DAN SUKKER, 1 kg","2,79 €  2,79 €/kg "
3732,"Pune, SANTA MARIA, 5 g","1,29 €  258,00 €/kg "
3733,"Ürdisegu küüslauguga, SANTA MARIA, 28 g","0,89 €  31,79 €/kg "
3734,"Riisiäädikas, THAI CHOICE, 300 ml","2,19 €  7,30 €/l "
3735,"Sushi marineeritud ingver, JAPANESE CHOICE, 110 g","2,09 €  19,00 €/kg "
3736,"Tšillimaitseaine soolata, MEIRA, 24 g","0,79 €  32,92 €/kg "
3737,"Tandoori maitseainesegu, SANTA MARIA, 35 g","1,19 €  34,00 €/kg "
3738,"Tume tükksuhkur, DAN SUKKER, 500 g","1,79 €  3,58 €/kg "
3739,"Jahvatatud ingver, SANTA MARIA, 20 g","0,69 €  34,50 €/kg "
3740,"Viie pipra segu, SANTA MARIA, 25 g","1,19 €  47,60 €/kg "
3741,"Kartuliglasuur ürtidega, MEIRA, 35 g","0,79 €  22,57 €/kg "
3742,"Muskaatpähkel, SANTA MARIA, 10 g","1,09 €  109,00 €/kg "
3743,"Vahtrasiirup Kanada Öko, VERTMONT, 330 g","8,29 €  25,12 €/l "
3744,"Tellycherry pipar verskis, SANTA MARIA, 70 g","5,49 €  78,43 €/kg "
3745,"Austrikaste, THAI CHOICE, 200 g","1,89 €  9,45 €/kg "
3746,"Roheline karripasta, THAI CHOICE, 110 g","2,09 €  19,00 €/kg "
3747,"Himaalaja kristallsool 500g, kilepakend, Bioenergie","2,69 €  5,38 €/kg "
3748,"Kalakaste, THAI CHOICE, 200 g","1,69 €  8,45 €/kg "
3749,"Organic Kardemon jahvatatud, SANTA MARIA, 17 g","2,49 €  146,47 €/kg "
3750,"Chili con Carne maitseainesegu, SANTA MARIA, 28 g","1,09 €  38,93 €/kg "
3751,"Sriracha Tšillikaste, FLYING GOOSE, 200 ml","3,39 €  16,95 €/l "
3752,"Sushi riis, VESKI MATI, 500 g","1,99 €  3,98 €/kg "
3753,"Vokikaste soja-magus tšilli, SANTA MARIA, 150 g","2,19 €  14,60 €/kg "
3754,"Till, 12g, SANTA MARIA","1,29 €  107,50 €/kg "
3755,"Puravikumaitseline seenepuljong, GALLINA BLANCA, 80 g","0,69 €  8,63 €/kg "
3756,"Must pipar purustatud, SANTA MARIA, 36 g","2,29 €  63,61 €/kg "
3757,"Liha üldmaitseaine, SANTA MARIA, 290 g","4,29 €  14,79 €/kg "
3758,"Sushi Nori lehed, JAPANESE CHOICE, 14 g","2,59 €  185,00 €/kg "
3759,"Kaneelipulber, ANATOLS, 10 g","0,49 €  49,00 €/kg "
3760,"Pruuni riisi niitnuudlid, THAI CHOICE, 200 g","1,99 €  9,95 €/kg "
3761,"Gluteenivaba sojakaste, JAPANESE CHOICE, 200 ml","2,99 €  14,95 €/l "
3762,"Karri 0% soola, MEIRA, 25 g","0,59 €  23,60 €/kg "
3763,"Sushi riis, ORIENTE, 1 kg","1,79 €  1,79 €/kg "
3764,"Vürtsköömen jahvatatud, MEIRA, 25 g","0,69 €  27,60 €/kg "
3765,"Sushi äädikas, JAPANESE CHOICE, 200 ml","2,69 €  13,45 €/l "
3766,"Tortilja krõpsud soolaga, WANTED, 200 g","1,59 €  7,95 €/kg "
3767,"Hele Muscovado suhkur, DAN SUKKER, 400 g","1,69 €  4,23 €/kg "
3768,"Vanilli lõhna-ja maitseaine, DR.OETKER, 40 ml","2,99 €  74,75 €/l "
3769,"Rolls maisisnäkk tomatimaitseline, POCO LOCO, 125 g","0,99 €  7,92 €/kg "
3770,"Küüslaugu-ürdi marinaad lihale, SANTA MARIA, 75 g","0,89 €  11,87 €/kg "
3771,"Kookospalmisuhkur, TERVISETOOTED, 250 g","2,89 €  11,56 €/kg "
3772,"Peen söögisool Ekstra, TAPROBAN, 500 g","0,45 €  0,90 €/kg "
3773,"Organic terve must pipar, SANTA MARIA, 17 g","1,59 €  93,53 €/kg "
3774,"Must pipar jahvatatud purk , 35g, SANTA MARIA","2,29 €  63,61 €/kg "
3775,"Must pipar purustatud, 200g, SANTA MARIA","7,29 €  36,45 €/kg "
3776,"Veisepuljong, NATUR COMPAGNIE, 96 g","2,89 €  30,10 €/kg "
3777,"Tšillimaitseaine, SANTA MARIA, 70 g","3,69 €  52,71 €/kg "
3778,"Geeltoiduvärv punane, DR.OETKER, 15 g","1,99 €  132,67 €/kg "
3779,"Tortilja krõpsud tšilli, SANTA MARIA, 475 g","3,99 €  8,40 €/kg "
3780,"Õhukesed vetikakrõpsud, HOSAN, 4,5 g","0,99 €  220,00 €/kg "
3781,"Maitseaine Vegeta, PODRAVKA, 250 g","2,09 €  8,36 €/kg "
3782,"Kartuliglasuur küüslauguga, MEIRA, 35 g","0,79 €  22,57 €/kg "
3783,"Nelk, SANTA MARIA, 10 g","0,79 €  79,00 €/kg "
3784,"Oanuudlid, THAI CHOICE, 200 g","2,49 €  12,45 €/kg "
3785,"Hakklihamaitseaine, SANTA MARIA, 280 g","3,99 €  14,25 €/kg "
3786,"Toiduželatiin, ANATOLS, 15 g","0,49 €  32,67 €/kg "
3787,"Salatimaitseaine ürtidega, SANTA MARIA, 30 g","0,69 €  23,00 €/kg "
3788,"Kuivmarinaadisegu ribidele, SANTA MARIA, 30 g","0,99 €  33,00 €/kg "
3789,"Raita maitseainesegu, SANTA MARIA, 8 g","0,59 €  73,75 €/kg "
3790,"Ürdiaia segu , 29g, SANTA MARIA","1,29 €  44,48 €/kg "
3791,"Lehtželatiin, RUF, 20 g","1,79 €  89,50 €/kg "
3792,"Tuline lihamaitseaine, SANTA MARIA, 20 g","0,69 €  34,50 €/kg "
3793,"Kanapuljongi kontsentraat, GUSTAF BONG, 180 ml","3,29 €  18,28 €/l "
3794,"Herbamare ürdisool, A.VOGEL, 250 g","4,29 €  17,16 €/kg "
3795,"Mandel purustatud, MEIRA, 80 g","2,29 €  28,63 €/kg "
3796,"Himaalajasoola veski, KOTANYI, 88 g","3,29 €  37,39 €/kg "
3797,"Kana ja liha maitseaine veskis, SANTA MARIA, 75 g","3,69 €  49,20 €/kg "
3798,"Kivisool veskis, SANTA MARIA, 140 g","3,69 €  26,36 €/kg "
3799,"Hakklihamaitseaine 0% soola, MEIRA, 35 g","0,79 €  22,57 €/kg "
3800,"Pipramaitseaine ürdine 0% soola, MEIRA, 26 g","0,89 €  34,23 €/kg "
3801,"Värviline nonparell, MEIRA, 60 g","1,19 €  19,83 €/kg "
3802,"Värviline strössel, MEIRA, 55 g","1,19 €  21,64 €/kg "
3803,"Aasia puljong, FOODSTUDIO, 350 ml","2,69 €  7,69 €/l "
3804,"Sriracha chilli-küüslaugu kaste, THAI CHOICE, 200 g","1,89 €  9,45 €/kg "
3805,"Basiilik, SANTA MARIA, 12 g","1,29 €  107,50 €/kg "
3806,"Granuleeritud küüslauk, ANATOLS, 15 g","0,39 €  26,00 €/kg "
3807,"Juustukaste Salsa Con Queso, POCO LOCO, 300 g","2,29 €  7,63 €/kg "
3808,"Kõva tükksuhkur, DAN SUKKER, 500 g","1,09 €  2,18 €/kg "
3809,"Leivasiirup, DAN SUKKER, 750 g","1,79 €  2,39 €/kg "
3810,"Karri ja mango maitseainesegu, SANTA MARIA, 41 g","2,79 €  68,05 €/kg "
3811,"Hmeli-Suneli, ANATOLS, 15 g","0,39 €  26,00 €/kg "
3812,"Broilerimaitseaine, 275g, SANTA MARIA","3,99 €  14,51 €/kg "
3813,"Guljasimaitseaine, SANTA MARIA, 40 g","0,69 €  17,25 €/kg "
3814,"Kardemoni seemned, MEIRA, 8 g","0,69 €  86,25 €/kg "
3815,"Seesamiõli, THAI CHOICE, 200 ml","5,29 €  26,45 €/l "
3816,"Lilla nonparell, MEIRA, 60 g","1,19 €  19,83 €/kg "
3817,"Sidrunipipar , 300g, SANTA MARIA","5,99 €  19,97 €/kg "
3818,"Küüslaugu salsa, SANTA MARIA, 230 g","2,79 €  12,13 €/kg "
3819,"Sidrunipipar 0% soola, MEIRA, 32 g","0,89 €  27,81 €/kg "
3820,"Wasabi pasta, PEARL RIVER BRIDGE, 43 g","1,79 €  41,63 €/kg "
3821,"Must terapipar, 210g, SANTA MARIA","6,99 €  33,29 €/kg "
3822,"Veiselihapuljongi kontsentraat punase veiniga, GUSTAF BONG, 180 ml","3,29 €  18,28 €/l "
3823,"Jodeeritud söögisool, JOZO, 1 kg","1,19 €  1,19 €/kg "
3824,"Friikartulimaitseaine, MEIRA, 120 g","1,39 €  11,58 €/kg "
3825,"Kaneelikoor pakk, SANTA MARIA, 22g","1,19 €  54,09 €/kg "
3826,"Geeltoiduvärv kollane, DR.OETKER, 15 g","1,99 €  132,67 €/kg "
3827,"Pitsamaitseaine, 9g, SANTA MARIA","1,29 €  143,33 €/kg "
3828,"Vasabi ja seesami maitseainesegu, SANTA MARIA, 44 g","2,99 €  67,95 €/kg "
3829,"Röstitud küüslauk-pipar veskis, SANTA MARIA, 80 g","4,59 €  57,38 €/kg "
3830,"Tume Muscovado suhkur, DAN SUKKER, 400 g","1,69 €  4,23 €/kg "
3831,"Rosmariin, KOTANYI, 18 g","0,89 €  49,44 €/kg "
3832,"Küüslaugusool, SANTA MARIA, 77 g","1,29 €  16,75 €/kg "
3833,"Merevetika snäkk seesamiga vürtsikas, TAOKAENOI, 39 g","2,39 €  61,28 €/kg "
3834,"Roheline terapipar, SANTA MARIA, 6 g","0,79 €  131,67 €/kg "
3835,"Suitsune paprika, SANTA MARIA, 230 g","6,99 €  30,39 €/kg "
3836,"Sibulahelbed röstitud, SANTA MARIA, 110 g","2,99 €  27,18 €/kg "
3837,"Geeltoiduvärv roheline, DR.OETKER, 15 g","1,99 €  132,67 €/kg "
3838,"Roosa Himaalaja sool veskis, DROGHERIA, 90 g","1,99 €  22,11 €/kg "
3839,"Diamant suhkruasendaja 650 tk, DIAMANT, purk","1,49 €  1,49 €/tk "
3840,"Glükoosisiirup, DAN SUKKER, 400 ml","1,99 €  4,98 €/l "
3841,"Kartulimaitseaine, SANTA MARIA, 57 g","1,29 €  22,63 €/kg "
3842,"Kalamaitseaine tilliga, SANTA MARIA, 25 g","0,69 €  27,60 €/kg "
3843,"Agar agar BIO, LIMA, 12 g","3,69 €  307,50 €/kg "
3844,"Vahukooretugevdaja, RUF, 5x8 g","0,59 €  0,59 €/tk "
3845,"Kotletimaitseaine, SANTA MARIA, 28 g","0,69 €  24,64 €/kg "
3846,"Shirataki madala kalorsusega nuudlid, CITY AROMA, neto 200 g","2,29 €  11,45 €/kg "
3847,"Kookospalmisuhkur plastpurgis, TERVISETOOTED, 500 g","5,99 €  11,98 €/kg "
3848,"Dražeed dekoratsiooniks 6tk, WERNER`S DECO, 150 g","2,99 €  19,93 €/kg "
3849,"Kalamaitseaine sidruniga, SANTA MARIA, 37 g","1,49 €  40,27 €/kg "
3850,"Kuivmarinaadisegu Beer Can Chicken, SANTA MARIA, 30 g","0,99 €  33,00 €/kg "
3851,"Tom Kha pasta, THAI CHOICE, 110 g","2,59 €  23,55 €/kg "
3852,"Universaalne maitseaine, MAGGI, 75 g","0,69 €  9,20 €/kg "
3853,"Küüslaugupipar, SANTA MARIA, 30 g","1,09 €  36,33 €/kg "
3854,"Teriyaki kaste, PASSAGE TO ASIA, 200 g","3,19 €  15,95 €/kg "
3855,"Jahvatatud muskaatpähkel, MEIRA, 32 g","2,49 €  77,81 €/kg "
3856,"Hele suhkrusiirup, DAN SUKKER, 750 g","1,79 €  2,39 €/kg "
3857,"Organic sidrunipipar, SANTA MARIA, 17 g","1,39 €  81,76 €/kg "
3858,"Riisipaber, VIETNAMISE CHOICE, 100 g","2,09 €  20,90 €/kg "
3859,"Agaavisiirup, DULSWEET, 345 g","4,99 €  14,46 €/kg "
3860,"Vanillikaun, 3g, SANTA MARIA","7,19 €  2396,67 €/kg "
3861,"Teriyaki maitseainesegu, SANTA MARIA, 44 g","2,69 €  61,14 €/kg "
3862,"Üldmaitseaine, KUCHAREK, 200 g","0,99 €  4,95 €/kg "
3863,"Hele agaavisiirup, JAKOBSENS, 350 g","4,99 €  14,26 €/kg "
3864,"Cajuni vürts, MEIRA, 32 g","0,79 €  24,69 €/kg "
3865,"Tšillipulber, SANTA MARIA, 41 g","1,79 €  43,66 €/kg "
3866,"Apelsinisuhkur 3x10 g, RUF, 30 g","0,89 €  29,67 €/kg "
3867,"Terav kaste Habanero, WANTED, 140 g","1,99 €  14,21 €/kg "
3868,"Valge šokolaadi nööbid, UMAMI, 200 g","3,29 €  16,45 €/kg "
3869,"Pan-sool, REFORMI, 450 g","2,99 €  6,64 €/kg "
3870,"Rosepipar jahvatamata, MEIRA, 15 g","0,99 €  66,00 €/kg "
3871,"India maitseainesegu 0% soola, MEIRA, 28 g","0,79 €  28,21 €/kg "
3872,"Geeltoiduvärv sinine, DR.OETKER, 15 g","1,99 €  132,67 €/kg "
3873,"Maisikrõpsud Originaal gluteenivaba, OLD EL PASO, 185 g","2,39 €  12,92 €/kg "
3874,"Satay kaste, PASSAGE TO ASIA, 200 g","3,19 €  15,95 €/kg "
3875,"Vürts, SANTA MARIA, 15 g","0,79 €  52,67 €/kg "
3876,"Tellicherry pipar, SANTA MARIA, 210 g","11,99 €  57,10 €/kg "
3877,"Kardemon jahvatatud, 35g, SANTA MARIA","3,59 €  102,57 €/kg "
3878,"Tšillipipar, SANTA MARIA, 34 g","1,79 €  52,65 €/kg "
3879,"Kaneelipulgad, ANATOLS, 15 g","0,49 €  32,67 €/kg "
3880,"Universaalne maitseaine, MAGGI, 200 g","1,59 €  7,95 €/kg "
3881,"Sushi pulgad, JAPANESE CHOICE, 1 pakk","0,99 €  0,99 €/tk "
3882,"Basiiliku ja küüslaugu maitseainesegu, SANTA MARIA, 41 g","2,79 €  68,05 €/kg "
3883,"Klaasnuudlid mungubadest, HS, 200 g","1,59 €  7,95 €/kg "
3884,"Kaneelisuhkur, DAN SUKKER, 330 g","1,19 €  3,61 €/kg "
3885,"Piprasegu, SANTA MARIA, 25 g","1,09 €  43,60 €/kg "
3886,"Tšillisädemed, SANTA MARIA, 275 g","6,99 €  25,42 €/kg "
3887,"Šokolaadipuru, RUF, 200 g","2,29 €  11,45 €/kg "
3888,"Meresoolahelbed, MALDON GOURMET, 250 g","3,89 €  15,56 €/kg "
3889,"Toor-Agaavisiirup, RENÉE VOLTAIRE, 330 g","5,49 €  16,64 €/kg "
3890,"Tikka masala kaste, PASSAGE TO INDIA, 375 g","4,19 €  11,17 €/kg "
3891,"Panko riivsai, LOBO, 200 g","3,19 €  15,95 €/kg "
3892,"Kalapuljong, FOODSTUDIO, 350 ml","2,69 €  7,69 €/l "
3893,"Estragon, MEIRA, 9 g","0,79 €  87,78 €/kg "
3894,"Sinepiseemned, VALEZS, 20 g","0,19 €  9,50 €/kg "
3895,"Kastmepaksendaja hele, RUF, 250 g","1,29 €  5,16 €/kg "
3896,"Kartulimaitseaine ameerika moodi, 30g, KOTANYI","0,89 €  29,67 €/kg "
3897,"Broilerimaitseaine, 43g, SANTA MARIA","1,29 €  30,00 €/kg "
3898,"Aroomisool, 390g, SANTA MARIA","3,99 €  10,23 €/kg "
3899,"Universaalne kuivmarinaadisegu, SANTA MARIA, 22 g","0,99 €  45,00 €/kg "
3900,"Tume suhkrusiirup, DAN SUKKER, 750 g","1,89 €  2,52 €/kg "
3901,"Himaalaja kristallsool papist soolatoosis, LOODUSVÄGI,","2,99 €  14,95 €/kg "
3902,"Sinepiseemned, SANTA MARIA, 35 g","0,69 €  19,71 €/kg "
3903,"Lihamaitseaine tüümianiga, SANTA MARIA, 25 g","0,69 €  27,60 €/l "
3904,"Safran, SANTA MARIA, 0,5 g","5,99 €  11980,00 €/kg "
3905,"Mangokaste tšilliga 200ml, THAI CHOICE","2,09 €  10,45 €/kg "
3906,"Universaalne maitseaine, SANTA MARIA, 160 g","1,29 €  8,06 €/kg "
3907,"Must pipar jahvatatud , 200g, SANTA MARIA","6,99 €  34,95 €/kg "
3908,"Aroomisool, SANTA MARIA, 74 g","1,29 €  17,43 €/kg "
3909,"Till, SANTA MARIA, 60 g","3,99 €  66,50 €/kg "
3910,"Cajuni maitseainesegu, SANTA MARIA, 34 g","2,79 €  82,06 €/kg "
3911,"Agaavisiirup, TERRE EXOTIQUE, 310 ml","5,89 €  23,56 €/l "
3912,"Kuivmarinaadisegu ürtidega, SANTA MARIA, 22 g","0,99 €  45,00 €/kg "
3913,"Liha üldmaitseaine, SANTA MARIA, 51 g","1,39 €  27,25 €/kg "
3914,"Miso supi pasta (4x18g), SAITAKU, 72 g","2,29 €  31,81 €/kg "
3915,"Chimichurri salatikaste, FS GOODS, 200 ml","2,99 €  14,95 €/l "
3916,"Küüslaugusool, ANATOLS, 20 g","0,29 €  14,50 €/kg "
3917,"Karamellsuhkur, DAN SUKKER, 500 g","2,19 €  4,38 €/kg "
3918,"Laimipipar veskis, SANTA MARIA, 90 g","4,59 €  51,00 €/kg "
3919,"Sushi Nori lehed, SAITAKU, 14 g","1,99 €  142,14 €/kg "
3920,"Rose Salt, , 400 g","2,99 €  7,48 €/kg "
3921,"Viie pipra segu, 35g, SANTA MARIA","2,29 €  65,43 €/kg "
3922,"Pasta rossa veskis, SANTA MARIA, 80 g","4,59 €  57,38 €/kg "
3923,"Riisi lintnuudlid, CHEFS CHOICE, 454 g","1,99 €  4,38 €/kg "
3924,"Jahimehesegu, 220g, SANTA MARIA","4,49 €  20,41 €/kg "
3925,"Kirju suhkruströssel, RUF, 200 g","1,69 €  8,45 €/kg "
3926,Külmkuivatatud vaarikalaastud,"2,99 €  199,33 €/kg "
3927,"Ribimaitseaine, 40g, KOTANYI","0,89 €  22,25 €/kg "
3928,"Maitseainesegu kurkide marineerimiseks, VALEZS, 30 g","0,39 €  13,00 €/kg "
3929,"Naturaalne suhkruasendaja Stevia ekstraktiga, STEVIDA, 250 g","6,99 €  27,96 €/kg "
3930,"Sushi bambusmatt, SAITAKU, 1 tk","1,19 €  1,19 €/tk "
3931,"Tortiljakausikesed meresoolaga, OLD EL PASO, 150 g","2,79 €  18,60 €/kg "
3932,"Pihvimaitseaine, SANTA MARIA, 30 g","0,69 €  23,00 €/kg "
3933,"Piparkoogimaitseaine, SANTA MARIA, 30 g","0,99 €  33,00 €/kg "
3934,"Tarretisesuhkur, DAN SUKKER, 350 g","1,69 €  4,83 €/kg "
3935,"Suhkruasendaja Erütritool 480g, Bioenergie","8,79 €  18,31 €/kg "
3936,"Viie pipra veski, SANTA MARIA, 60 g","6,99 €  116,50 €/kg "
3937,"Kadakamari, SANTA MARIA, 21 g","1,49 €  70,95 €/kg "
3938,"Kookose kondenspiim magustatud, THAI CHOICE, 320 g","3,59 €  11,22 €/kg "
3939,"Maitseainesegu kurkide soolamise, VALEZS, 30 g","0,39 €  13,00 €/kg "
3940,"Merevetika snäkk kana-vürtsi (Larb) seguga, TAOKAENOI, 40 g","2,29 €  57,25 €/kg "
3941,"Caroma koorepulber, CEBE, 250 g","1,69 €  6,76 €/kg "
3942,"Mereandide ja kala maitseaine, SANTA MARIA, 90 g","5,29 €  58,78 €/kg "
3943,"Ökoloogiline hele suhkrusiirup, DAN SUKKER, 750 g","2,49 €  3,32 €/kg "
3944,"Kalamarinaad ingveri, sidruni ja sojaga, SANTA MARIA, 75 g","0,89 €  11,87 €/kg "
3945,"Sweetheart dekooride valik, DR.OETKER, 78 g","4,69 €  60,13 €/kg "
3946,"Suitsune grillmaitsaine, SANTA MARIA, 85 g","4,59 €  54,00 €/kg "
3947,"Piprasegu, 230g, SANTA MARIA","6,69 €  29,09 €/kg "
3948,"Rosee pipar, SANTA MARIA, 21 g","2,99 €  142,38 €/kg "
3949,"Lihamaitseaine ürdi-küüslaugu, 230g, SANTA MARIA","4,49 €  19,52 €/kg "
3950,"Caesari salatisegu maitseaine, 13 g, KOTANYI","0,49 €  37,69 €/kg "
3951,"Dekoratsioonisüdamed valgest ja tumedast šokolaadist, DR.OETKER, 47 g","2,29 €  48,72 €/kg "
3952,"Mirin, OTTOGI, 360 ml","3,99 €  11,08 €/kg "
3953,"Kalamaitseaine tsitruse-ingveriga, MEIRA, 25 g","1,29 €  51,60 €/kg "
3954,"Dekooride valik Super Hero, DR.OETKER, 76 g","4,99 €  65,66 €/kg "
3955,"Universaalne maitseaine, SANTA MARIA, 350 g","2,99 €  8,54 €/kg "
3956,"Geel hõbedane kirjutamiseks, DR.OETKER, 19 g","1,39 €  73,16 €/kg "
3957,"Suitsutatud meresoolahelbed, MALDON GOURMET, 125 g","3,29 €  26,32 €/kg "
3958,"Marmelaadisuhkur, DAN SUKKER, 330 g","1,29 €  3,91 €/kg "
3959,"Küprose must sool veskis, DROGHERIA, 50 g","2,19 €  43,80 €/kg "
3960,"Toormoosipaksendaja, MIKAADO,","1,39 €  34,75 €/kg "
3961,"Hõõgveinisegu, SANTA MARIA, 37 g","1,39 €  37,57 €/kg "
3962,"Sojakaste, HEINZ, 150 ml","1,79 €  11,93 €/l "
3963,"Worcester kaste, HEINZ, 150 ml","1,79 €  11,93 €/kg "
3964,"Sojakaste Hiina, PEARL RIVER, 150 ml","0,99 €  6,60 €/l "
3965,"Sojakaste Hiina, PEARL RIVER, 500 ml","1,99 €  3,98 €/l "
3966,"Premium light laua sojakaste, PEARL RIVER, 150 ml","1,39 €  9,27 €/kg "
3967,"Sidrunimahl, SICILIA, 200 ml","1,69 €  8,45 €/l "
3968,"Lime mahl 100%, SICILIA, 200 ml","1,69 €  8,45 €/l "
3969,"Suhkruasendaja pulber, 40g.","4,69 €  117,25 €/kg "
3970,"Sojakaste, PEAREL RIVER, 150 ml","1,89 €  12,60 €/l "
3971,"Agar agar, MEIRA, 60 g","7,29 €  121,50 €/kg "
3972,"Himaalaja kristallsool, LOODUSVÄGI, 500 g","2,29 €  4,58 €/kg "
3973,"Valezs muskaatpähkel, VALEZS, 15 g","0,99 €  66,00 €/kg "
3974,"Kookospalmisuhkur, UNIQUE, 350 g","5,19 €  14,83 €/kg "
3975,"Pruun roosuhkur (rafineerimata), SOL 'MARRON, 500 g","1,99 €  3,98 €/kg "
3976,"Himaalaja must lauasool, TERVISETOOTED, 500 g","2,79 €  5,58 €/kg "
3977,"Šokolaadist kaunistused, RUF, 38 g","2,69 €  70,79 €/kg "
3978,"Šokolaadist tähed ja numbrid (56 tähte, 19 numbrit), RUF, 48 g","2,69 €  56,04 €/kg "
3979,"Valge pipar veskis, DROGHERIA, 45 g","2,49 €  55,33 €/kg "
3980,"Sriracha tšilli-majoneesi kaste, FLYING GOOSE, 200 ml","3,99 €  19,95 €/l "
3981,"Sambal Oelek, WINDMILL, 200 g","1,99 €  9,95 €/kg "
3982,"Vanilliekstrakt ökoloogiline, TAYLOR & COLLEDGE, 50 g","5,79 €  115,80 €/kg "
3983,"Vanillipasta ökoloogiline, TAYLOR & COLLEDGE, 65 g","6,39 €  98,31 €/kg "
3984,"Röstitud maapähkli puru, TAKE1 CHEF, 70 g","0,79 €  11,29 €/kg "
3985,"Söögisool jäme, TAPROBAN, 1 kg","0,39 €  0,39 €/kg "
3986,"Suhkruasendaja, JEDEN TAG, 1200 tk","1,49 €  1,24 €/kg "
3987,"Sidruni sojakaste Ponzu, KIKKOMAN, 150 g","2,79 €  18,60 €/kg "
3988,"Küüslaugu ja tšilli maitseaine veskis, DROGHERIA, 30 g","2,19 €  73,00 €/kg "
3989,"Küüslauguhelbed veskis, DROGHERIA, 50 g","2,09 €  41,80 €/kg "
3990,"Tšillihelbed veskis, DROGHERIA, 20 g","2,19 €  87,60 €/kg "
3991,"Jahimehesegu, SANTA MARIA, 30 g","0,99 €  33,00 €/kg "
3992,"Organic pune, SANTA MARIA, 4 g","0,89 €  222,50 €/kg "
3993,"Tumeda šokolaadi nööbid, UMAMI, 200 g","2,99 €  14,95 €/kg "
3994,"Suhkruasendaja pulbripakikesed N40, CANDEREL, 80 g","3,79 €  47,38 €/kg "
3995,"Vedel sool oliivilehe mahlaga, SALESI, 150 g","6,69 €  44,60 €/kg "
3996,"Klassikaline nisutortilja 25cm, EESTI PAGAR, 360 g","1,89 €  5,25 €/kg "
3997,"Täisteratortilja 25 cm, EESTI PAGAR, 360 g","1,99 €  5,53 €/kg "
3998,"Merevetika snäkk tomatiga, TAOKAENOI, 32 g","2,29 €  71,56 €/kg "
3999,"Rafineerimata suhkur, BILLINGTONS, 1 kg","3,99 €  3,99 €/kg "
4000,"Looduslik Himaalaja jäme sool, KORNITA, 500 g","0,99 €  1,98 €/kg "
4001,"Peeneteraline meresool, MEIRA, 800 g","0,99 €  1,24 €/kg "
4002,"Veskisoola täitepakk, MEIRA, 450 g","0,89 €  1,98 €/kg "
4003,"Peeneteraline jodeeritud mineraalsool, MEIRA, 80 g","1,99 €  24,88 €/kg "
4004,"Peeneteraline jodeeritud mineraalsool, MEIRA, 450 g","2,99 €  6,64 €/kg "
4005,"Himaalaja sool jäme, TERVISETOOTED, 1 kg","2,19 €  2,19 €/kg "
4006,"Mädarõikamaitseline majonees, SALVEST, 430g","1,59 €  3,70 €/kg "
4007,"Rapsiõli Olivia, OLIVIA, 1 l","2,19 €  2,19 €/l "
4008,"Original majonees, HELLMANN'S, 420 ml","2,69 €  6,40 €/l "
4009,"Tomatiketšup, FELIX, 1 kg","2,79 €  2,79 €/kg "
4010,"Majonees Provansaal, TARPLAN, 410 g","1,09 €  2,66 €/kg "
4011,"Tomatipasta tomatera, MELISSA PRIMO GUSTO, 500 g","0,79 €  1,58 €/kg "
4012,"Sinep Põltsamaa Kange, PÕLTSAMAA, 65 g","0,89 €  11,87 €/kg "
4013,"Majonees Original, HELLMANN'S, 880 ml","4,59 €  5,22 €/l "
4014,"Majonees Provansaal Lemmik, LEMMIK, 405 g","0,99 €  2,44 €/kg "
4015,"Majonees Provansaal, TARPLAN, 900 g","2,49 €  2,77 €/kg "
4016,"Majonees Provansaal, LEMMIK, 700 g","1,79 €  2,56 €/kg "
4017,"Tomatiketšup, FELIX, 500 g","2,29 €  4,58 €/kg "
4018,"Ketšup original, HEINZ, 460 g","1,99 €  4,33 €/kg "
4019,"Oliiviõli rafineeritud ja neitsioliiviõlist Light, BORGES, 500 ml","5,99 €  11,98 €/l "
4020,"Rapsiõli Olivia, OLIVIA, 500 ml","1,39 €  2,78 €/l "
4021,"Klassikaline provansaal majonees, LEMMIK, 210 g","0,59 €  2,81 €/kg "
4022,"Original Ketšup, HEINZ, 700 g","2,69 €  3,84 €/kg "
4023,"Söögiäädikas, 1 l","1,69 €  1,69 €/l "
4024,"Majonees Vegan, TARPLAN, 210 g","0,79 €  3,76 €/kg "
4025,"Ekstra Neitsioliiviõli, BORGES, 500 ml","5,99 €  11,98 €/l "
4026,"Pastakaste ürdiga, FELIX, 360 g","1,79 €  4,97 €/kg "
4027,"Dipikaste aiaürtidega 19,4%, FARMI, 200 g","1,49 €  7,45 €/kg "
4028,"Tomatipasta Mediterranean, MELISSA PRIMO GUSTO, 500 g","0,89 €  1,78 €/kg "
4029,"Pitsa ja pasta kaste, POMI, 500 g","1,79 €  3,58 €/kg "
4030,"Bolognese kaste, FELIX, 490 g","1,99 €  4,06 €/kg "
4031,"Tomatipüree basiilikuga, FELIX, 390 g","0,99 €  2,54 €/kg "
4032,"Hiina kaste (poolmagus), FELIX, 500 g","1,89 €  3,78 €/kg "
4033,"Kalamata Ekstra Neitsioliiviõli, GOURMANTE, 500 ml","6,99 €  13,98 €/l "
4034,"Majonees Provansaal Premium, TARPLAN, 210 g","0,89 €  4,24 €/kg "
4035,"Sweet-Sour ananassiga, UNCLE BEN'S, 400 g","1,99 €  4,98 €/kg "
4036,"Tomatipasta Pomi, POMI, 500 g","1,19 €  2,38 €/kg "
4037,"Söögiäädikas 30%, MINU, 330 ml","0,49 €  1,48 €/l "
4038,"Päevalilleõli 1l Olivia, OLIVIA, 1 L","2,29 €  2,29 €/l "
4039,"Olivia küpsetusõli, OLIVIA, 1 L","2,19 €  2,19 €/l "
4040,"Tomatipasta, SALVEST, 300 g","1,19 €  3,97 €/kg "
4041,"Provansaal majonees 50%, TARPLAN, 430 g","1,19 €  2,77 €/kg "
4042,"Majonees Kerge, FELIX, 880 g","2,49 €  2,83 €/kg "
4043,"Rapsiõli, RISSO, 1 l","2,49 €  2,49 €/l "
4044,"Dipikaste Dipp-Tops küüslaugu, TERE, 200 g","1,39 €  6,95 €/kg "
4045,"Kerge majonees, SALVEST, 430g","1,99 €  4,63 €/kg "
4046,"Majonees Oliivi Provansaal, LEMMIK, 210 g","0,69 €  3,29 €/kg "
4047,"Ekstra Neitsioliiviõli, SALVADORI, 1 l","9,99 €  9,99 €/l "
4048,"Tomatipüree, FELIX, 190 g","0,89 €  4,68 €/kg "
4049,"Ketšup, SALVEST, 1 kg","2,59 €  2,59 €/kg "
4050,"Pastakaste Basilico, BARILLA, 400 g","2,49 €  6,23 €/kg "
4051,"Dipikaste Dipp-tops maitseroh., TERE, 200 g","1,39 €  6,95 €/kg "
4052,"Mahedamaitseline sinep, PÕLTSAMAA, 170 g","1,69 €  9,94 €/kg "
4053,"Tomatipasta ürtidega, SALVEST, 300 g","1,39 €  4,63 €/kg "
4054,"Rapsiõli, OILIO, 1 l","1,89 €  1,89 €/l "
4055,"Dipikaste Vene DIP! küüslaugu, murulaugu, sibula, ALMA, 200 g","1,39 €  6,95 €/kg "
4056,"Juustudipp Cheddari, MEREVAIK,","1,69 €  8,45 €/kg "
4057,"Majonees Provansaal, TARPLAN, 210 g","0,59 €  2,81 €/kg "
4058,"Tomatipüree Tomacouli, PANZANI, 200 g","0,79 €  3,95 €/kg "
4059,"Kaste Sweet & Sour, UNCLE BEN'S, 400 g","1,99 €  4,98 €/kg "
4060,"Mahedamaitseline ketšup, HELLMANN'S, 485 g","1,89 €  3,90 €/kg "
4061,"Ekstra Neitsioliiviõli, GOURMANTE, 500 ml","6,49 €  12,98 €/l "
4062,"Ekstra neitsioliiviõli, FILIPPO BERIO, 500 ml","6,49 €  12,98 €/l "
4063,"Majonees Klassikaline, FELIX, 830 g","2,49 €  3,00 €/kg "
4064,"Mädarõigas kodune, FELIX, 220 g","1,39 €  6,95 €/kg "
4065,"Dipikaste Eesti Dip! soolakurgi-küüslaugu, ALMA, 200 g","1,39 €  6,95 €/kg "
4066,"Äädikhape 30%, SFINX-E, 500 ml","0,79 €  1,58 €/l "
4067,"Special Inglise sinep, FELIX, 200 g","1,09 €  5,45 €/kg "
4068,"Viinamarjaseemneõli, BORGES, 500 ml","3,89 €  7,78 €/l "
4069,"Pastakaste köögiviljadega, FELIX, 360 g","1,79 €  4,97 €/kg "
4070,"Pastakaste Bolognese hakklihaga, SALVEST, 420 g","1,89 €  4,50 €/kg "
4071,"Vahemere ürtidega pastakaste, SALVEST, 420 g","1,89 €  4,50 €/kg "
4072,"Omega 3-6-9 õli, OILIO, 1 l","2,59 €  2,59 €/l "
4073,"Majonees Provansaal, TARPLAN, 230 g","0,69 €  3,00 €/kg "
4074,"Küüslaugu kaste, FELIX, 375 g","1,99 €  5,45 €/kg "
4075,"Salatikaste küüslauguga, TARPLAN, 230 g","0,99 €  4,30 €/kg "
4076,"Salatikaste Caesar, FELIX, 375 g","1,99 €  5,31 €/kg "
4077,"Kaste Sweet and Sour ananassiga, FELIX, 500 g","1,99 €  3,98 €/kg "
4078,"Mee ja sinepi salatikaste, FELIX, 375 g","1,99 €  5,31 €/kg "
4079,"Oliiviõli Extra Light, BORGES, 250 ml","3,29 €  13,16 €/l "
4080,"Oliiviõli rafineeritud ja neitsioliivõlist Extra Light, BORGES, 1 l","9,99 €  9,99 €/l "
4081,"Söögiäädikas 30%, SFINX-E, 300 ml","0,49 €  1,63 €/l "
4082,"Caesari kaste, GOURMET CLUB, 350 g","5,99 €  17,11 €/kg "
4083,"Thousand Island kaste, FELIX, 375 g","1,99 €  5,31 €/kg "
4084,"Tomatipasta, FELIX, 265 g","1,19 €  4,49 €/kg "
4085,"Adžika, FELIX, 260 g","1,19 €  4,58 €/kg "
4086,"Kartulikaste, FELIX, 400 g","1,99 €  4,98 €/kg "
4087,"Orgaaniline külmpress kookosõli, THAI CHOICE, 500 ml","8,49 €  16,98 €/l "
4088,"Terav Hiina kaste, FELIX, 500 g","1,89 €  3,78 €/kg "
4089,"Tomatiketšup, FELIX, 1250 g","3,29 €  2,63 €/kg "
4090,"Hõrkude köögiviljadega pastakaste, SALVEST, 420 g","1,89 €  4,50 €/kg "
4091,"Caesari kaste, SELVERI KÖÖK, 230 g","2,59 €  11,26 €/kg "
4092,"Mädarõigas Delikatess, POLAN, 160 g","0,69 €  4,31 €/kg "
4093,"Oliiviõli rafineeritud ja neitsioliiviõlist, BORGES, 500 ml","5,99 €  11,98 €/l "
4094,"Makaronikaste, FELIX, 500 g","1,99 €  3,98 €/kg "
4095,"Pastakaste Napoletana tomati ja basiilikuga, REGGIA, 350 g","2,29 €  6,54 €/kg "
4096,"Ketšup, SALVEST, 530 g","1,69 €  3,19 €/kg "
4097,"Burgerikaste, FELIX, 400 g","1,99 €  4,98 €/kg "
4098,"Juustudipp Originaal, MEREVAIK,","1,69 €  8,45 €/kg "
4099,"Palsamikreem, GOURMANTE, 250 ml","3,69 €  14,76 €/l "
4100,"Klassikaline majonees, FELIX, 390 g","1,59 €  4,08 €/kg "
4101,"Vegan majonees, SALVEST, 420 g","2,39 €  5,69 €/kg "
4102,"Mehhiko salsa ketšup, FELIX, 420 g","2,19 €  5,21 €/kg "
4103,"Mango-tsilli kaste, FELIX, 285 g","2,39 €  8,39 €/kg "
4104,"Rapsiõli D-vitamiiniga, RISSO, 1 l","2,89 €  2,89 €/l "
4105,"Päevalilleõli, RISSO, 1 l","2,79 €  2,79 €/l "
4106,"Meesinep, PÕLTSAMAA, 170 g","1,79 €  10,53 €/kg "
4107,"Ketšup, SALVEST, 270 g","1,59 €  5,89 €/kg "
4108,"Kreemjas majonees, SALVEST, 500 g","1,49 €  2,98 €/kg "
4109,"Tomatikaste Basiilikuga, POMITO, 370 g","1,79 €  4,84 €/kg "
4110,"Rafineeritud rapsiõli, SELVER, 1 l","1,79 €  1,79 €/l "
4111,"Ekstra neitsioliiviõli, BORGES, 1 l","9,99 €  9,99 €/l "
4112,"Ingveri-küüslaugu-tšillikaste, LINGHAM´S, 280 ml","1,99 €  7,11 €/l "
4113,"Terav ketšup, FELIX, 500 g","1,79 €  3,58 €/kg "
4114,"Tomatiketšup ilma lisatud suhkruta, FELIX, 970 g","2,99 €  3,08 €/kg "
4115,"Gruusia adžika, MAADLEX, 350 g","1,09 €  3,11 €/kg "
4116,"Päevalilleõli, OLEINA, 1 l","2,59 €  2,59 €/l "
4117,"Oliivijääkõli, SALVADORI, 1 l","6,39 €  6,39 €/l "
4118,"Ekstra neitsioliivõli, BORGES, 500 ml","6,99 €  13,98 €/l "
4119,"Magus tšillikaste, FELIX, 855 g","3,69 €  4,32 €/kg "
4120,"Texicana Salsa, MAGGI, 500 ml","2,99 €  5,98 €/l "
4121,"Pastakaste Napoletana, BARILLA, 400 g","2,49 €  6,23 €/kg "
4122,"Sun-dried ketšup, FELIX, 425 g","2,29 €  5,39 €/kg "
4123,"Barbeque-meekaste, FELIX, 320 g","2,29 €  7,16 €/kg "
4124,"Tomatikaste pitsale, PANZANI, 390 g","1,99 €  5,10 €/kg "
4125,"Klassikaline majonees, SALVEST, 430 g","1,99 €  4,63 €/kg "
4126,"Dijoni teraline sinep, VILUX, 200 g","1,79 €  8,95 €/kg "
4127,"Magus tšillikaste, FELIX, 350 g","1,99 €  5,69 €/kg "
4128,"Neitsikookosõli (mahe), LOODUSVÄGI, 500 ml","8,99 €  17,98 €/l "
4129,"Terav ketšup, FELIX, 1 kg","2,79 €  2,79 €/kg "
4130,"Salatikaste hamburgerile, TARPLAN, 230 g","0,89 €  3,87 €/kg "
4131,"Hiina kaste mangoga, FELIX, 500 mg","1,99 €  3,98 €/kg "
4132,"Chunky Burger kaste, HELLMANN'S, 250 ml","1,99 €  7,96 €/l "
4133,"Klassikaline BBQ kaste, HEINZ, 480 g","2,89 €  6,02 €/kg "
4134,"Pastakaste Originale, PANZANI, 400 g","2,49 €  6,23 €/kg "
4135,"Pastakaste Napoletana, PANZANI, 400 g","2,49 €  6,23 €/kg "
4136,"Murulaugudipp, SELVERI KÖÖK, 200 g","1,39 €  6,95 €/kg "
4137,"Pastakaste Bolognese, FELIX, 360 g","1,99 €  5,53 €/kg "
4138,"Rafineeritud kookosõli, KTC, 500 g","6,99 €  13,98 €/kg "
4139,"Mädarõikakaste, FELIX, 275 g","1,99 €  7,24 €/kg "
4140,"Original BBQ kaste, HELLMANN'S, 430 g","2,49 €  5,79 €/kg "
4141,"Teravamaitseline ketšup, HELLMANN'S, 470 g","1,79 €  3,81 €/kg "
4142,"Magushapu Hiina kaste, SALVEST, 420 g","1,89 €  4,50 €/kg "
4143,"Valge veini äädikas, GOURMANTE, 250 ml","1,79 €  7,16 €/l "
4144,"Juustudipp küüslauguga, SELVERI KÖÖK, 200 g","1,69 €  8,45 €/kg "
4145,"Jogurti-murulaugu salatikaste, FELIX, 375 g","1,99 €  5,31 €/kg "
4146,"Pastakaste Arrabiata, BARILLA, 400 g","2,49 €  6,23 €/kg "
4147,"Valge veiniäädikas, KÜHNE, 100 ml","0,89 €  8,90 €/l "
4148,"Mahe kookosõli lõhnatu, LOODUSVÄGI, 500 ml","7,99 €  15,98 €/l "
4149,"BBQ kaste universaalne, SANTA MARIA, 355 g","3,99 €  11,24 €/kg "
4150,"Ekstra-neitsioliiviõli, ONDOLIVA, 500 ml","4,99 €  9,98 €/l "
4151,"Oliivijääkõli, SALVADORI, 500 ml","3,89 €  7,78 €/l "
4152,"Tai tšillikaste, LINGHAM´S, 280 ml","1,99 €  7,11 €/l "
4153,"Klassikaline salatikaste, FELIX, 375 g","1,99 €  5,31 €/kg "
4154,"Pastakaste oliivi-basiilikuga, PANZANI, 400 g","2,49 €  6,23 €/kg "
4155,"Tomati-tšilli salatikaste, FELIX, 375 g","1,99 €  5,31 €/kg "
4156,"Tomatipüree Tomacouli Bio, PANZANI, 250g","1,49 €  5,96 €/kg "
4157,"Itaalia salatikaste, FELIX, 375 g","1,99 €  5,31 €/kg "
4158,"Paprikakaste, FELIX, 275 g","1,99 €  7,24 €/kg "
4159,"BBQ kaste suitsumaitseline, SANTA MARIA, 365 g","3,99 €  10,93 €/kg "
4160,"Grillkaste, FELIX, 510 g","1,59 €  3,12 €/kg "
4161,"Pastakaste Extra Bolognese, PANZANI, 425 g","2,99 €  7,04 €/kg "
4162,"Õunaäädikas, IDEAFARM, 500 ml","4,29 €  8,58 €/l "
4163,"Kookosõli, VITA, 180 g","2,39 €  13,28 €/kg "
4164,"Kurgikaste, FELIX, 275 g","1,99 €  7,24 €/kg "
4165,"Majonees, HEINZ, 460g","2,59 €  5,63 €/kg "
4166,"Õunaäädikas 5%, KÜHNE, 750 ml","2,19 €  2,92 €/l "
4167,"Tabasco piprakaste, TABASCO, 57 ml","2,99 €  52,46 €/l "
4168,"Magus BBQ kaste, HEINZ, 500 g","2,89 €  5,78 €/kg "
4169,"Primavera pastakaste kanaga, SALVEST, 420 g","1,89 €  4,50 €/kg "
4170,"Orgaaniline külmpress kookosõli, THAI CHOICE, 200 ml","3,99 €  19,95 €/l "
4171,"Vegan majonees klaaspurgis, HELLMANN'S, 270 g","3,19 €  11,81 €/kg "
4172,"Süldiäädikas, SFINX-E, 300 ml","0,49 €  1,63 €/l "
4173,"Malbe sinep (mahedamaitseline), FELIX, 430 g","2,69 €  6,26 €/kg "
4174,"Riisiõli E-vitamiiniga, RISO SCOTTI, 750 ml","4,99 €  6,65 €/l "
4175,"Mango-karri kaste, FELIX, 280 g","1,99 €  7,11 €/kg "
4176,"Ketšup Kids 50% vähem suhkrut ja soola, HEINZ, 300ml","1,99 €  6,63 €/l "
4177,"Rapsiõli, OLEINA, 1 l","2,19 €  2,19 €/l "
4178,"Sinep, MAADLEX, 75 g","0,59 €  7,87 €/kg "
4179,"Majonees Peakoka, TARPLAN, 410 g","1,39 €  3,39 €/kg "
4180,"Tomatiketshup, CHUMAK, 450 g","0,99 €  2,20 €/kg "
4181,"Oliiviõli, ONDOLIVA, 500 ml","4,99 €  9,98 €/l "
4182,"Dijoni teravamaitseline sinep, VILUX, 200 g","1,79 €  8,95 €/kg "
4183,"Pastakaste Bolognese, BARILLA, 400 g","3,59 €  8,98 €/kg "
4184,"Oliiviõli rafineeritud ja ekstra neitsioliiviõlist Light, GOURMANTE, 500 ml","5,99 €  11,98 €/l "
4185,"Pastakaste 4 Cheeses, FOODSTUDIO, 280 g","3,29 €  11,75 €/kg "
4186,"Küüslaugukaste, FELIX, 275 g","1,99 €  7,24 €/kg "
4187,"Pastakaste 4 juustuga, PANZANI, 370 g","3,29 €  8,89 €/kg "
4188,"Oliivijääkõli, GOCCIA D'ORO, 1 l","5,99 €  5,99 €/l "
4189,"Kreemjas majonees, SALVEST, 850 g","1,99 €  2,34 €/kg "
4190,"Kaste Gruusia, CHUMAK, 220 g","0,99 €  4,95 €/kg "
4191,"Rapsiõli ja oliivõli segu 5%, OILIO, 1 L","2,59 €  2,59 €/l "
4192,"Salatikaste Ceasari, HELLMANN'S, 210 ml","2,59 €  12,33 €/l "
4193,"Arbequina ekstra neitsioliivõli, BORGES, 500 ml","5,49 €  10,98 €/l "
4194,"Fritüürõli, OILIO, 1 l","2,39 €  2,39 €/l "
4195,"Balsamico salatikaste, KÜHNE, 250 ml","1,59 €  6,36 €/l "
4196,"Palsamiäädikas, GOURMANTE, 250 ml","2,29 €  9,16 €/l "
4197,"Maisiõli, RISSO, 1 l","2,99 €  2,99 €/l "
4198,"Küüslaugu-ürdi kaste, HELLMANN'S, 250 ml","1,99 €  7,96 €/l "
4199,"Mädarõigas delikatess, 170 g","0,89 €  5,24 €/kg "
4200,"Palsamiäädikas, CAMPAGNA, 500 ml","2,49 €  4,98 €/l "
4201,"Modena palsamiäädikas, BORGES, 250 ml","2,19 €  8,76 €/l "
4202,"Ketšup BBQ, CHUMAK, 270 g","0,89 €  3,30 €/kg "
4203,"Julge sinep (teravamaitseline), FELIX, 430 g","2,69 €  6,26 €/kg "
4204,"BBQ kaste burbooni viski, SANTA MARIA, 370 g","3,99 €  10,78 €/kg "
4205,"Salatikaste Fat Free, HELLMANN'S, 210 ml","2,19 €  10,43 €/l "
4206,"Bolognese kaste, RAND & ROSSI, 380g","2,69 €  7,08 €/kg "
4207,"Riisikliiõli, PIETRO CORICELLI, 500 ml","3,29 €  6,58 €/l "
4208,"Oliiviõli basiilikuga, BORGES, 200 ml","4,79 €  23,95 €/l "
4209,"Majoneesi-ketšupikaste, TARPLAN, 450 g","1,19 €  2,64 €/kg "
4210,"Aasia kaste, MAGGI, 500 ml","3,29 €  6,58 €/l "
4211,"Arrabbiata kaste, RAND & ROSSI, 380g","2,59 €  6,82 €/kg "
4212,"Prantsusepärane kaste sinepiga , CHUMAK, 200 g","0,99 €  4,95 €/kg "
4213,"Külmpressitud linaseemneõli, FLORIOL, 250ml","2,99 €  11,96 €/l "
4214,"Punane veiniäädikas 6%, KÜHNE, 500 ml","2,39 €  4,78 €/l "
4215,"Ekstra neitsioliiviõli, CAMPAGNA, 1 l","9,99 €  9,99 €/l "
4216,"Maiade habanero kaste ekstra tuline, EL YUCATECO, 120 ml","4,49 €  37,42 €/l "
4217,"Palsamiäädikas, KÜHNE, 100 ml","1,19 €  11,90 €/l "
4218,"Ekstra Neitsioliiviõli, SALVADORI, 500 ml","5,69 €  11,38 €/l "
4219,"Pastakaste Provencale öko, PANZANI, 400 g","2,59 €  6,48 €/kg "
4220,"Ekst. neitsioliiviõli filtreerim, PIETRO CORICELLI, 500 ml","5,49 €  10,98 €/l "
4221,"Napoletana kaste, RAND & ROSSI, 380g","2,69 €  7,08 €/kg "
4222,"Kõrvitsaõli, rafineerimata, GLORIA, 250 ml","4,99 €  19,96 €/l "
4223,"BBQ kaste magus chipotle, SANTA MARIA, 355 g","3,99 €  11,24 €/kg "
4224,"Palsamikreem sidruniga, GOURMANTE, 250 ml","3,89 €  15,56 €/l "
4225,"Valge veiniäädika kaste, GOURMANTE, 250 ml","3,69 €  14,76 €/l "
4226,"Terav tšillikaste, HEINZ, 220 ml","2,19 €  9,95 €/l "
4227,"Pastakaste Carbonara, FOODSTUDIO, 280 g","3,29 €  11,75 €/kg "
4228,"Küüslaugukaste, HEINZ, 435 g","2,99 €  7,12 €/kg "
4229,"BBQ kaste röstitud küüslauk, SANTA MARIA, 355 g","3,99 €  11,91 €/kg "
4230,"Palsamiäädikakreem, PONTI, 250 g","3,39 €  13,56 €/kg "
4231,"Avokaadoõli, rafineerimata, GLORIA, 250 ml","4,99 €  19,96 €/l "
4232,"Pastakaste Tomate Cuisinees öko, PANZANI, 400 g","3,19 €  7,98 €/kg "
4233,"Musta köömne seemneõli, rafineerimata, GLORIA, 250 ml","9,99 €  39,96 €/l "
4234,"Kanepiseemneõli, rafineerimata, GLORIA, 250 ml","4,99 €  19,96 €/l "
4235,"Hariliku Maarjaohaka õli, GLORIA, 500 ml","3,99 €  7,98 €/l "
4236,"Viinamarjaseemneõli, ONDOLIVA, 250ml","2,99 €  11,96 €/l "
4237,"Majonees Provansaal 50%, TARPLAN, 450 g","1,39 €  3,09 €/kg "
4238,"Bolognese kaste, VEGESUN, 380 g","4,39 €  11,55 €/kg "
4239,"Adžika Gruusia moodi, VERES, 310 g","1,69 €  5,45 €/kg "
4240,"Mahedamaitseline tomatiketšup, CHUMAK, 270 g","0,89 €  3,30 €/kg "
4241,"Viigimarja konjaki sinep, GOURMET CLUB, 240 g","2,99 €  14,95 €/kg "
4242,"Chili con Herne kaste, VEGESUN, 380 g","4,49 €  11,82 €/kg "
4243,"Avokaadoõli sprei, MANTOVA, 200 ml","7,99 €  39,95 €/l "
4244,"Ekstra neitsioliiviõli rosmariiniga sprei, MANTOVA, 200 ml","7,99 €  39,95 €/l "
4245,"Vaarika gurmeeäädikas, IDEAFARM, 200 ml","3,99 €  19,95 €/l "
4246,"Ekstra neitsioliiviõli sprei, MANTOVA, 250 ml","7,99 €  31,96 €/l "
4247,"Viinamarjaseemneõli sprei, MANTOVA, 200 ml","7,99 €  39,95 €/l "
4248,"Kookosõli sprei, MANTOVA, 200 ml","8,99 €  44,95 €/l "
4249,"Ekstra neitsioliiviõli basiilikuga sprei, MANTOVA, 200 ml","7,99 €  39,95 €/l "
4250,"Majonees Provansaal (tops), LEMMIK, 300 g","0,79 €  2,63 €/kg "
4251,"Kaste BBQ Original, MISSISSIPPI, 510 g","3,39 €  6,65 €/kg "
4252,"Kaste BBQ Sweet'n Spicy, MISSISSIPPI, 510 g","3,39 €  6,65 €/kg "
4253,"Rapsiõli sprei, YOLLI, 200 ml","3,99 €  19,95 €/l "
4254,"Päevalille õli, OLEINA, 2 l","4,99 €  2,50 €/l "
4255,"Rapsiõli, OLEINA, 2 l","3,99 €  2,00 €/l "
4256,"Majonees päevalilleõliga, TARPLAN, 410 g","1,19 €  2,90 €/kg "
4257,"Majonees tilliga, TARPLAN, 210 g","0,99 €  4,71 €/kg "
4258,"Päevalilleõli, KALEW, 1 l","2,39 €  2,39 €/l "
4259,"Rapsiõli, KALEW, 1 l","2,29 €  2,29 €/l "
4260,"Küpsetusõli, KALEW, 1 l","2,39 €  2,39 €/l "
4261,"HULGI Mädarõikamaitseline majonees 2tk, SALVEST, 2 x 430g","3,00 €  3,49 €/kg "
4262,"Küüslaugumaitseline kaste, CHUMAK, 200 g","1,19 €  5,95 €/kg "
4263,"Majonees vegan, TARPLAN, 450 g","1,49 €  3,31 €/kg "
4264,"Itaalia kaste, MAGGI, 500 g","2,59 €  5,18 €/kg "
4265,"Magushapu Hiina kaste, MAGGI, 500 g","2,59 €  5,18 €/kg "
4266,"Barbeque kaste, FELIX, 310 g","2,19 €  7,06 €/kg "
4267,"Linaseemned, REFORMI, 500 g","2,99 €  5,98 €/kg "
4268,"Šokolaadi küpsis, SELGA, 180 g","0,69 €  3,83 €/kg "
4269,"Bitter 87% eriti tume šokolaad, KALEV, 100 g","1,09 €  10,90 €/kg "
4270,"Juurika leivasnäkid peedi & tüümianiga, FAZER, 120 g","0,99 €  8,25 €/kg "
4271,"Kondenspiima küpsis, SELGA, 180 g","0,69 €  3,83 €/kg "
4272,"Kartulisnäkid barbequemaitselised, TAFFEL, 110 g","0,89 €  8,09 €/kg "
4273,"Kreekerid sibula ja hapukoorega, TUC, 100 g","0,79 €  7,90 €/kg "
4274,"Klassikaline küpsis, SELGA, 180 g","0,69 €  3,83 €/kg "
4275,"Klassikaline küpsis, KALEV, 165 g","0,45 €  2,76 €/kg "
4276,"Maiuspala pralineekompvek, KALEV, 350 g","3,99 €  11,40 €/kg "
4277,"Marmelaadikompvek kirsimaitseline, KALEV, 175 g","1,19 €  6,80 €/kg "
4278,"Must ploom California, GERMUND, 200 g","1,29 €  6,45 €/kg "
4279,"Piimašokolaad, FAZER, 200g","1,99 €  9,95 €/kg "
4280,"Šokolaad tervete metspähklitega, KALEV, 100 g","1,09 €  10,90 €/kg "
4281,"Vaarikajogurtitäidisega kommid, FAZER, 316 g","3,49 €  12,93 €/kg "
4282,"Premium Pähklite segu, GERMUND, 250 g","3,99 €  15,96 €/kg "
4283,"Üllatusmuna Kinder Surprise, FERRERO, 20 g","6,99 € 9,32 €/l "
4284,"Sefiir šokolaadis, LAIMA, 200 g","1,19 €  5,95 €/kg "
4285,"Soolakreekerite/kringlite mix, CROCO, 500 g","1,79 €  3,58 €/kg "
4286,"Kakaoküpsis trühvlitäidisega, DORIS, 250 g","2,29 €  9,16 €/kg "
4287,"Tume šokolaad tervete metsapähklitega, KARL FAZER, 200 g","2,09 €  10,45 €/kg "
4288,"Piimašokolaad Anneke, KALEV, 100 g","1,49 €  14,90 €/kg "
4289,"Mikropopcorn võiga, ESTRELLA, 90 g","0,79 €  8,78 €/kg "
4290,"Extra teeküpsis, KALEV, 180 g","0,69 €  3,83 €/kg "
4291,"Batoon Kaseke, KALEV, 150 g","1,49 €  9,93 €/kg "
4292,"Mikropopcorn soolaga, ESTRELLA, 90 g","0,79 €  8,78 €/kg "
4293,"Vahvlikompvekid Tallinn, KALEV, 150 g","1,89 €  12,60 €/kg "
4294,"Küpsised Digestive, GULLON, 400 g","1,49 €  3,73 €/kg "
4295,Magus kõrsik 250 g,"1,29 €  5,16 €/kg "
4296,"Kompvekid Kalev, KALEV, 175 g","2,09 €  11,94 €/kg "
4297,"Kompvekid Ananassi, KALEV, 150 g","1,69 €  11,27 €/kg "
4298,"Šokolaad Snickers 2-pakk, SNICKERS, 75g","0,79 €  10,53 €/kg "
4299,"Micropopcorn soolaga, MOGYI, 100 g","0,59 €  5,90 €/kg "
4300,"Kompvekkide segu ""7 lemmikut"", KALEV, 500 g","4,59 €  9,18 €/kg "
4301,"Šokolaad, KISMET, 55g","0,79 €  14,36 €/kg "
4302,"Pralineekompvek Maiuspala, KALEV, 175 g","2,09 €  11,94 €/kg "
4303,"Šokolaadivahvel Kinder Bueno, Kinder, 43g","0,45 €  19,15 €/kg "
4304,"Kompvekid Lily, KALEV, 175 g","1,69 €  9,66 €/kg "
4305,"Üllatusmuna Kinder Joy, FERRERO, 20 g","3,99 €  0,40 €/tk "
4306,"Kompvekid Tõmmu, KALEV, 175 g","1,69 €  9,66 €/kg "
4307,"Juustu-sibula leib, BALSNACK, 80 g","0,65 €  8,13 €/kg "
4308,"Küpsised šokolaaditükkidega, JYVÄSHYVÄ, 350 g","2,79 €  7,97 €/kg "
4309,"Šokolaadimaitseline küpsis, KALEV, 163 g","0,65 €  3,99 €/kg "
4310,"Sibulamaitseline kartulikrõps, LAY'S, 215 g","2,19 €  10,19 €/kg "
4311,"Tudengi eine Premium, GERMUND, 300 g","5,29 €  17,63 €/kg "
4312,"Pastillid Tutti Frutti, TUTTI FRUTTI, 15 g","0,29 €  19,33 €/kg "
4313,"Kompvekid Tiina, KALEV, 175 g","1,69 €  9,66 €/kg "
4314,"Küpsis Kevadlill, SELVERI KÖÖK, 200 g","1,99 €  9,95 €/kg "
4315,"India pähkel röstitud Premium, GERMUND, 300 g","5,99 €  19,97 €/kg "
4316,"Kartulikrõps hapukoore ja sibulamaitseline, ESTRELLA, 180 g","2,29 €  12,72 €/kg "
4317,"Valeri küpsis, SELVERI KÖÖK, 200 g","2,29 €  11,45 €/kg "
4318,"Kartulikrõpsud Koore-Sibula, PRINGLES, 165 g","2,49 €  15,09 €/kg "
4319,"Pulgakomm Fruit with juice + cola, CHUPA CHUPS, 12 g","0,19 €  15,83 €/l "
4320,"Jõhvika-pähklite segu, GERMUND, 300 g","0,89 €  20,70 €/kg "
4321,"Hapukoore- ja sibulamaitselised kartulilaastud, TAFFEL, 210 g","1,99 €  9,48 €/kg "
4322,"Piimašok. piimatäidisega, KINDER, 100 g","1,59 €  15,90 €/kg "
4323,"Šokolaad, GEISHA, 100g","1,59 €  15,90 €/kg "
4324,"Mõnus maius Mesikäpp, KALEV, 25 g","0,49 €  19,60 €/kg "
4325,"Kummikommid Kuldkarud, HARIBO, 200 g","1,69 €  8,45 €/kg "
4326,"Piimašokolaad tervete metspähklitega, FAZER, 200g","2,99 €  14,95 €/kg "
4327,"Kompvek Teekonna, KALEV, 175 g","1,69 €  9,66 €/kg "
4328,"Pähklibatoon tumedas šokolaadis, KALEV, 40 g","0,99 €  24,75 €/kg "
4329,"Šokolaadibatoon Maxi, TUPLA, 50 g","0,69 €  13,80 €/kg "
4330,"Batoonike Mesikäpp, KALEV, 150 g","1,49 €  9,93 €/kg "
4331,"Vahvel Dessert, MARMITON, 110 g","0,65 €  5,91 €/kg "
4332,"Pehme iiris Kiss-Kiss, KALEV, 150 g","1,09 €  7,27 €/kg "
4333,"Rosinad seemneteta, SELVER, 400 g","1,39 €  3,48 €/kg "
4334,"Šokolaad Twix Xtra, TWIX, 75g","0,85 €  11,33 €/kg "
4335,"Sõpruse šokolaad, KALEV, 20 g","0,20 € 10,00 €/kg "
4336,"Karamell barbarissimaitseline, KALEV, 120 g","0,39 € 19,50 €/kg "
4337,"Pähkli-marjabatoon tumeda šokolaadiga, KALEV, 44 g","3,19 €  7,98 €/kg "
4338,"Kaeraküpsised soolakaramelliga, JYVÄSHYVÄ, 320 g","0,99 €  23,57 €/kg "
4339,"Pähkli-seemnebatoon tumeda šokolaadiga, KALEV, 40 g","2,79 €  8,72 €/kg "
4340,"Texas Popcorn, BALSNACK, 60 g","2,29 €  15,27 €/kg "
4341,"Kompvek Pilveke, KALEV, 150 g","0,59 €  9,83 €/kg "
4342,"Halvaa Vanilli, MARMITON, 200 g","1,49 €  9,93 €/kg "
4343,"Küpsis vanillimaitselise täidisega, KALEV, 210 g","1,29 €  6,45 €/kg "
4344,"Tšilli&laimimaitseline kartulirõps, LAY'S, 210 g","1,99 €  9,48 €/kg "
4345,"Mõrušokolaad Bitter, KALEV, 100 g","2,19 €  10,43 €/kg "
4346,"Kompvekid Karakum, KALEV, 175 g","1,49 €  14,90 €/kg "
4347,"Täisteraküpsis Digestive, KALEV, 200 g","2,09 €  11,94 €/kg "
4348,"Piimašokolaad Daim, DAIM, 28g","0,89 €  4,45 €/kg "
4349,"Sidrunimaitseline küpsis, KALEV, 163 g","0,45 €  16,07 €/kg "
4350,"Šokolaad, SNICKERS, 50 g","0,65 €  3,99 €/kg "
4351,"Kartulikrõpsud Original, PRINGLES, 165 g","0,59 €  11,80 €/kg "
4352,"Šokolaad King Size, TUPLA, 85g","2,49 €  15,09 €/kg "
4353,"Hapukooremaitseline kartulikrõps, LAY'S, 215 g","2,29 €  15,27 €/kg "
4354,"Tume šokolaad Bitter 70%, KALEV, 100g","2,19 €  10,19 €/kg "
4355,"Šokolaad, BOUNTY, 57 g","0,85 €  14,91 €/kg "
4356,"Krõpsud jogurti- ja ürdimaitselised Baked, LAY'S, 125 g","1,79 €  14,32 €/kg "
4357,"Texas Micropopcorn, BALSNACK, 100 g","0,65 €  6,50 €/kg "
4358,"Tume šokolaad Vana Tallinn liköörikreemi täidisega, KALEV, 103 g","1,59 €  15,44 €/kg "
4359,"Šokolaad, TWIX, 50 g","0,59 €  11,80 €/kg "
4360,"Karamellimaitselised vormiküpsised, SELGA, 180 g","0,69 €  3,83 €/kg "
4361,"Rosinad piimašokolaadis, KALEV, 70 g","0,99 €  14,14 €/kg "
4362,"Toffee Kiss-Kiss, KALEV, 150 g","1,09 €  7,27 €/kg "
4363,"Krõpsud soolamaitselised Baked, LAY'S, 125 g","1,79 €  14,32 €/kg "
4364,"Seedermänni seemned, KOMMI ASEMEL, 70 g","3,69 €  52,71 €/kg "
4365,"Premium Kreeka pähkel, GERMUND, 200 g","6,59 €  38,31 €/kg "
4366,"Närimiskumm Sweetmint XXL, ORBIT, 42 g","1,59 €  27,41 €/kg "
4367,"Apelsinimaitseline küpsis kardemoniga, KALEV, 163 g","0,65 €  3,99 €/kg "
4368,"India pähkel, ARIMEX, 200 g","3,09 €  15,45 €/kg "
4369,"Kirju koer batoonike, KALEV, 200 g","2,09 €  10,45 €/kg "
4370,"Kartulikrõpsud Juustu-sibula, PRINGLES, 165 g","2,49 €  15,09 €/kg "
4371,"Mesikäpp šokolaadiglasuuris kakaobatoonike, KALEV, 200 g","2,09 €  10,45 €/kg "
4372,"Mandel Premium, GERMUND, 300 g","5,29 €  17,63 €/kg "
4373,"Tatragaletid, DR.NATURE, 110 g","1,29 €  11,73 €/kg "
4374,"Kummikommid Kuldkarud, HARIBO, 100 g","0,99 €  9,90 €/kg "
4375,"Tume šokolaad metsapähklitega, KALEV, 300 g","4,29 €  14,30 €/kg "
4376,"Rosin Jumbo Premium, GERMUND, 300 g","1,89 €  6,30 €/kg "
4377,"Pralinee pistaatsiapähkliga, KALEV, 175 g","2,09 €  11,94 €/kg "
4378,"Šokolaad Kinder Bueno White, FERRERO, 39 g","0,79 €  15,80 €/kg "
4379,"Krõbe kaeraküpsis, MARMITON, 150 g","0,89 €  5,93 €/kg "
4380,"Röstitud soolapähklid, GERMUND, 200 g","1,19 €  5,95 €/kg "
4381,"Vahvlikompvek Mesikäpp, KALEV, 150 g","1,89 €  12,60 €/kg "
4382,"Šokolaad Snickers 4 pakk, SNICKERS, 200 g","1,89 €  9,45 €/kg "
4383,"Päevalilleseemned, ARIMEX, 200 g","0,69 €  3,45 €/kg "
4384,"Närimiskumm Spearmint XXL, ORBIT, 42 g","1,59 €  27,41 €/kg "
4385,"Vahvlid ahjupiimamaitselised, VIKSTAL, 240 g","1,19 €  4,96 €/kg "
4386,"Martispanikomp. Finest marzipan, KALEV, 175 g","2,29 €  13,09 €/kg "
4387,"Küpsised Digestive, SIRO, 400 g","1,29 €  3,23 €/kg "
4388,"Šokolaad KitKat, NESTLE, 41,5 g","0,65 €  15,66 €/kg "
4389,"Kummikommid Pico-Balla, HARIBO, 175 g","1,69 €  9,66 €/kg "
4390,"Kartulikrõps Sibulamaitseline, LAY'S, 140 g","1,79 €  12,79 €/kg "
4391,"Kartulikrõpsud rosmariiniga, LORENZ, 100 g","1,49 €  14,90 €/kg "
4392,"Martsipanibatoon, KALEV, 40 g","0,59 €  14,75 €/kg "
4393,"Halvaa Ali-Baba vanillimaitsel., MARMITON, 100 g","0,79 €  7,90 €/kg "
4394,"Micropopcorn juustumaitseline, MOGYI, 100 g","0,59 €  5,90 €/kg "
4395,"Piimašokolaad rosina-pähkli, FAZER, 200g","2,89 €  14,45 €/kg "
4396,"Tomatimaitselised San Diego kartulilaastud, TAFFEL, 210 g","1,99 €  9,48 €/kg "
4397,"Kummikommid ""Ussikesed"", TROLLI, 200 g","1,49 €  7,45 €/kg "
4398,"Kompvek Komeet, KALEV, 175 g","1,59 €  9,09 €/kg "
4399,"Rosinaküpsised Tallinn, MARMITON, 350 g","1,79 €  5,11 €/kg "
4400,"Piimašokolaad Piret tervete metspähklitega, KALEV, 300 g","4,29 €  14,30 €/kg "
4401,"Jenkki Spearmint, JENKKI, 30 g","0,89 €  29,67 €/kg "
4402,"Tudengieine Extra, GERMUND, 200 g","2,59 €  12,95 €/kg "
4403,"Maiuspala batoon, KALEV, 40 g","0,59 €  14,75 €/kg "
4404,"Rosin Kuldne, ARIMEX, 200 g","1,29 €  6,45 €/kg "
4405,"Kompvekid, DUMLE, 120 g","1,79 €  14,92 €/kg "
4406,"Närimiskumm Sweet Mint suhkruvaba, ORBIT, 14 g","0,55 €  39,29 €/kg "
4407,"Läätsekrõpsud hapukoore ja tilliga, EAT REAL, 80 g","1,99 €  17,61 €/kg "
4408,"Linnupiimabatoon koore- vanilli, KALEV, 35 g","0,55 €  15,71 €/kg "
4409,"Kuivatatud aprikoos, ARIMEX, 200 g","2,19 €  10,95 €/kg "
4410,"Marmelaad hapu, MARMITON, 150 g","1,09 €  7,27 €/kg "
4411,"Präänik vanilli, VÄIKE VÄÄNIK, 250 g","0,69 €  2,76 €/kg "
4412,"Närimiskumm Sweetmint, ORBIT, 84 g","2,19 €  26,07 €/kg "
4413,"Tume šokolaad täidisega Maiuspala, KALEV, 100 g","1,59 €  15,90 €/kg "
4414,"Mahlakommid peoloomad, RED BAND, 110 g","1,09 €  9,91 €/kg "
4415,"Piimašokolaad Oreo, MILKA, 100g","1,39 €  13,90 €/kg "
4416,"Piimašokolaad vahvliga Mesikäpp, KALEV, 300 g","4,29 €  14,30 €/kg "
4417,"Küpsis Domino, Fazer, 350 g","2,99 €  8,54 €/kg "
4418,"Pralinee india pähkliga, KALEV, 175 g","2,09 €  11,94 €/kg "
4419,"Rõngik Tavaline, VIKSTAL, 150 g","0,69 €  4,60 €/kg "
4420,"Kummikommid Hearts, TUTTI FRUTTI, 15 g","0,29 €  19,33 €/kg "
4421,"Tume šokolaad Leiger tervete mandlitega, KALEV, 300 g","4,29 €  14,30 €/kg "
4422,"Piraat hapukoore ja küüslauguga, BALSNACK, 150 g","1,49 €  9,93 €/kg "
4423,"Küpsised vanillimaitselised 4-pakk, OREO, 176 g","1,79 €  10,17 €/kg "
4424,"Tume šokolaad Tuljak täidisega, KALEV, 105 g","1,59 €  15,14 €/kg "
4425,"Dipikaste küüslauguga, TAFFEL, 14 g","0,69 €  49,29 €/kg "
4426,"Kaneeliküpsised, SELVERI KÖÖK, 200 g","1,79 €  8,95 €/kg "
4427,"Kakaomaitselise täidisega küpsis, KALEV, 210 g","1,99 €  9,48 €/kg "
4428,"Vahvel kooli vanilliga, MARMITON, 110 g","0,65 €  5,91 €/kg "
4429,"Piimašokolaad Domino küpsisetükkidega, FAZER, 195 g","2,89 €  14,82 €/kg "
4430,"Twix 4-pakk, TWIX, 200 g","1,89 €  9,45 €/kg "
4431,"Rõngik mooni, VIKSTAL, 150 g","0,79 €  5,27 €/kg "
4432,"Bitter 70% eriti tume šokolaad, KALEV, 200 g","2,79 €  13,95 €/kg "
4433,"Küpsis Domino, FAZER, 175 g","1,79 €  10,23 €/kg "
4434,"Marmel.kompvek apelsinimaits., KALEV, 175 g","1,69 €  9,66 €/kg "
4435,"Kartulikrõps sibula- ja juustumaitseline, ESTRELLA, 180 g","2,29 €  12,72 €/kg "
4436,"Šokolaad Anneke, KALEV, 300 g","4,29 €  14,30 €/kg "
4437,"Kartulisnack soolaga, LORENZ, 100 g","1,19 €  11,90 €/kg "
4438,"Valge šokolaad õhitud riisi ja mustikaga, KALEV, 95 g","1,59 €  16,74 €/kg "
4439,"Šokolaadimaitselised vahvlid, SELGA, 180 g","0,89 €  4,94 €/kg "
4440,"Küpsised täistera, SELGA, 180 g","0,69 €  3,83 €/kg "
4441,"Hummusekrõpsud tomati ja basiiliku, EAT REAL, 80 g","1,99 €  14,74 €/kg "
4442,"Kummikommid Original, TUTTI FRUTTI, 350 g","2,99 €  8,54 €/kg "
4443,"Kartulivahvel hapukoore ja tilliga, VAHVEL, 90 g","0,89 €  9,89 €/kg "
4444,"Kummikommid Mahlakarud, HARIBO, 175 g","1,69 €  9,66 €/kg "
4445,"Soolakreekerid, TUC, 100 g","1,09 €  10,90 €/kg "
4446,"Kuivatatud mango, SEEBERGER, 100 g","45,90 € 61,20 €/l "
4447,"Rosinaküpsised Tallinn, MARMITON, 180 g","0,99 €  5,50 €/kg "
4448,"Üllatusmuna Paw Control, ZAINI, 20 g","0,89 €  44,50 €/kg "
4449,"Kaeraküpsis, VÄIKE VÄÄNIK, 500 g","1,49 €  2,98 €/kg "
4450,"Piimatäidisega piimašokolaad Anneke, KALEV, 99 g","1,59 €  16,06 €/kg "
4451,"Kompvekid Oravake, KALEV, 175 g","2,09 €  11,94 €/kg "
4452,"Kõrvitsaseemned kooritud, PÄHKLINÄPP, 250 g","2,49 €  9,96 €/kg "
4453,"Präänik šokolaadiga, VÄIKE VÄÄNIK, 250 g","0,69 €  2,76 €/kg "
4454,"Marmelaadikompvek Mari, KALEV, 175 g","1,69 €  9,66 €/kg "
4455,"Maiuspala kommikarp, KALEV, 200 g","2,99 €  9,97 €/kg "
4456,"Pistaatsiapähkel, GERMUND, 200 g","4,39 €  21,95 €/kg "
4457,"Soolatud maapähkel, PCD, 200 g","1,09 €  5,45 €/kg "
4458,"Pistaatsiapähkel meresoolaga, PÄHKLINÄPP, 200 g","3,99 €  19,95 €/kg "
4459,"Šokolaadimedal, KALEV, 15 g","0,29 €  19,33 €/kg "
4460,"Trühvel klassikaline, KALEV, 160g","5,19 €  25,95 €/kg "
4461,"India pähkel, PÄHKLINÄPP, 250 g","4,79 €  19,16 €/kg "
4462,"Maisipallid juustumaitselised Nacho, TAFFEL, 190 g","2,19 €  11,53 €/kg "
4463,"Pulgakomm XXL Trio, CHUPA CHUPS, 29 g","0,49 €  16,90 €/kg "
4464,"Tume šokolaad kirsitükkidega, KALEV, 100 g","1,59 €  15,90 €/kg "
4465,"Dattel kivita, PÄHKLINÄPP, 250 g","1,09 €  4,36 €/kg "
4466,"Juustumaitseline kartulirõps, LAY'S, 215 g","2,19 €  10,19 €/kg "
4467,"Vanaema präänikud, VÄIKE VÄÄNIK, 250 g","0,79 €  3,16 €/kg "
4468,"Valge röstitud mandel, PREMIUM, 300 g","5,99 €  19,97 €/kg "
4469,"Quinoa krõpsud päikesekuivatatud tomati ja röstitud küüslaug, EAT REAL, 80 g","1,99 €  24,88 €/kg "
4470,"Šokolaad Kinder T4, FERRERO, 50g","2,29 €  18,32 €/kg "
4471,"Täispiimašokolaad Nurr, KALEV, 100 g","1,49 €  14,90 €/kg "
4472,"Küpsised Sensation šokolaaditäidisega, MILKA, 156 g","2,19 €  14,04 €/kg "
4473,"Kamašokolaad, KALEV, 100 g","0,99 €  9,90 €/kg "
4474,"Rosinaküpsis, KALEV, 163 g","0,65 €  3,99 €/kg "
4475,"Kommikarp Raffaello T15, FERRERO, 150g","11,49 € 15,32 €/l "
4476,"Marmelaad marja, CAUTES, 200 g","1,29 €  6,45 €/kg "
4477,"Päevalilleseemned kooritud, SELVER, 400 g","1,19 €  2,98 €/kg "
4478,"Vana Tallinn Cream šokolaad, KALEV, 104 g","1,59 €  15,29 €/kg "
4479,"Barni šokolaadi biskviitküpsis, LU, 30 g","0,39 €  13,00 €/kg "
4480," Šokolaad Bounty 4-pakk, BOUNTY, 228 g","1,89 €  8,29 €/kg "
4481,"Šokolaad Kinder Country, FERRERO, 24 g","9,99 € 13,32 €/l "
4482,"Salsamaitselised röstitud maapähklid , TAFFEL, 150 g","1,79 €  11,93 €/kg "
4483,"Kartulikrõps suitsupeekonimaitseline, ESTRELLA, 180 g","2,29 €  12,72 €/kg "
4484,"Piparmündi präänik, VÄIKE VÄÄNIK, 250 g","0,69 €  2,76 €/kg "
4485,"Piimašokolaad Mesikäpp, KALEV, 100 g","1,49 €  14,90 €/kg "
4486,"Kartulikrõps soolaga, ESTRELLA, 130 g","1,79 €  13,77 €/kg "
4487,"Kommikarp Geisha, FAZER, 270 g","4,99 €  9,07 €/kg "
4488,"Karamell Vähid, ROSHEN, 126 g","0,69 €  5,48 €/kg "
4489,"Šokolaadipastillid pähkli, M&M'S, 90 g","1,39 €  15,44 €/kg "
4490,"Šokolaadivahvel, SUFFELI, 21 g","0,33 €  15,71 €/kg "
4491,"Šokolaad Kalevipoeg, KALEV, 300 g","4,39 €  14,63 €/kg "
4492,"Šokolaad Chips Ahoy!, MILKA, 100g","1,39 €  13,90 €/kg "
4493,"Kreekerid peekoniga, TUC, 100 g","1,09 €  10,90 €/kg "
4494,"Dipikaste sibulaga, TAFFEL, 15 g","0,69 €  46,00 €/kg "
4495,"Kuivatatud ploomid kivideta, SEEBERGER, 200 g","4,39 €  21,95 €/kg "
4496,"Šokolaad, MARS, 51 g","0,65 €  12,75 €/kg "
4497,"Seemnesegu, TAKE1 REGULAR, 100 G","1,19 €  11,90 €/kg "
4498,"Küpsised hapuk. ja sibulaga, TUC, 100 g","1,09 €  10,90 €/kg "
4499,"Kivideta datlid, SEEBERGER, 200 g","2,99 €  14,95 €/kg "
4500,"Mesikäpp kommisegu, KALEV, 500 g","4,49 €  8,98 €/tk "
4501,"Kookosehelbed, GERMUND, 100 g","0,69 €  6,90 €/kg "
4502,"Must Näkileib küüslaugu ja peterselliga, FAZER, 150 g","1,59 €  10,60 €/kg "
4503,"Seakamara krõps Ossi, BALSNACK, 40 g","0,99 €  24,75 €/kg "
4504,"Vahukommid grillimiseks, VAN DAMME, 300 g","2,39 €  7,97 €/kg "
4505,"Šokolaadiküpsis  šokolaaditäidisega, MILKA","2,09 €  13,06 €/kg "
4506,"Kuivatatud dattel, ARIMEX, 150 g","0,79 €  5,27 €/kg "
4507,"Küpsised vaarika täidisega, MILKA, 147 g","1,49 €  10,14 €/kg "
4508,"Martsipanibatoon Vana Tallinn, KALEV, 40 g","0,59 €  14,75 €/kg "
4509,"Närimiskumm maasika-banaanimaitseline, ORBIT, 14 g","0,55 €  39,29 €/kg "
4510,"Ploomid, SUNSWEET, 200 g","2,49 €  12,45 €/kg "
4511,"Kartulivahvel juustu- ja sibulamaitseline, 90g, VAHVEL","0,89 €  9,89 €/kg "
4512,"Kreeka pähkel, PÄHKLINÄPP, 100 g","1,89 €  18,90 €/kg "
4513,"Mõrušokolaad Intense Orange, LINDT, 100 g","3,39 €  33,90 €/kg "
4514,"Küpsised Choco Cookies, MILKA, 135 g","1,49 €  11,04 €/kg "
4515,"Barni piima biskviitküpsis, LU, 30 g","0,39 €  13,00 €/kg "
4516,"Närimiskumm Spearmint, ORBIT, 84 g","2,19 €  26,07 €/kg "
4517,"Metsapähkel, PÄHKLINÄPP, 250 g","3,99 €  15,96 €/kg "
4518,"Mandlilaastud, GERMUND, 100 g","2,69 €  26,90 €/kg "
4519,"Premium pekanipähkel, GERMUND, 250 g","7,69 €  30,76 €/kg "
4520,"Piimašokolaad Anneke, KALEV, 20 g","0,39 €  19,50 €/kg "
4521,"Tiina tume šokolaad täidisega, KALEV, 108 g","1,59 €  14,72 €/kg "
4522,"Mustsõstram. marmelaadikompvek, KALEV, 175 g","1,69 €  9,66 €/kg "
4523,"Heleda glasuuriga vahvel, MARMITON, 150 g","1,39 €  9,27 €/kg "
4524,"Must näkileib hapukoore ja murulauguga, FAZER, 120 g","1,29 €  10,75 €/kg "
4525,"Nätsukomm puuvilja, MENTOS, 38 g","0,69 €  18,16 €/kg "
4526,"Kõrvitsaseemned ÖKO, KOMMI ASEMEL, 140 g","1,99 €  14,21 €/kg "
4527,"Kummikommid Pico- Balla, HARIBO, 85 g","0,99 €  11,65 €/kg "
4528,"Tume šokolaad tervete metspähklitega, RITTER SPORT, 100 g","1,99 €  19,90 €/kg "
4529,"Popcorn maisiterad, TEXAS, 500 g","1,49 €  2,98 €/kg "
4530,"Vahvel hapukoore- ja sibulamaitseline, VAHVEL, 90 g","0,89 €  9,89 €/kg "
4531,"Närimiskumm Watermelon suhkruvaba, ORBIT, 14 g","0,55 €  39,29 €/kg "
4532,"Dipikaste tilliga, TAFFEL, 16 g","0,69 €  43,13 €/kg "
4533,"Närimiskumm Winterfresh suhkruvaba, ORBIT, 14 g","0,55 €  39,29 €/kg "
4534,"Närimiskumm Eucalyptus suhkruvaba, ORBIT, 14 g","0,55 €  39,29 €/kg "
4535,"Kommikarp Toffifee, STORCK, 125 g","3,99 €  8,87 €/kg "
4536,"Sefiir vaniljemaitseline, LAIMA, 200 g","1,29 €  6,45 €/kg "
4537,"Metspähkel piimašokolaadis, KALEV, 140 g","2,59 €  18,50 €/kg "
4538,"Rulett kummikomm, HARIBO, 25 g","0,29 €  11,60 €/kg "
4539,"Kreeker soola kaleidoskoop, VIKSTAL, 150 g","0,79 €  5,27 €/kg "
4540,"Kompvekid Kinder Schoko-Bons, KINDER, 125g","6,99 € 9,32 €/l "
4541,"Iirisekomm šokolaaditäidisega, MELLER, 38 g","0,69 €  18,16 €/kg "
4542,"Kreeker kalake juustu, VIKSTAL, 150 g","0,79 €  5,27 €/kg "
4543,"Piimabatoonike vahvliga Mesikäpp, KALEV, 150 g","1,49 €  9,93 €/kg "
4544,"Pulgakomm, DUMLE, 10 g","0,19 €  19,00 €/kg "
4545,"Mandel röstitud, soolatud, GERMUND, 150 g","2,59 €  17,27 €/kg "
4546,"Šokolaad KitKat Chunky Peanut Butter, NESTLE, 42g","0,69 €  16,43 €/kg "
4547,"Valge šokolaad, SCHOGETTEN, 100 g","1,29 €  12,90 €/kg "
4548,"Kommikarp Raffaello T23, FERRERO, 230g","5,79 €  28,95 €/kg "
4549,"Marmelaad Lõigud, MARMITON, 150 g","1,29 €  8,60 €/kg "
4550,"Krõbe kaeraküpsis, KALEV, 300 g","2,09 €  6,97 €/kg "
4551,"Kartulikrõpsud juustu-sibula, BALSNACK, 90 g","0,79 €  8,78 €/kg "
4552,"Triibulised päevalilleseemned soolaga, YES, 150 g","1,39 €  9,27 €/kg "
4553,"Kummikommid Yoghurt Splash, TUTTI FRUTTI, 350 g","3,49 €  9,97 €/kg "
4554,"Dražeed Fruits, SKITTLES, 125 g","1,29 €  10,32 €/kg "
4555,"Kass Arturi iirisepallid, VÄIKE VÄÄNIK, 150 g","1,99 €  13,27 €/kg "
4556,"Šokolaadipastillid, M&M'S, 90 g","1,39 €  15,44 €/kg "
4557,"Kartulikrõpsud klassikalised, LORENZ, 100 g","1,49 €  14,90 €/kg "
4558,"Piimasok.glas.küpsised, MILKA, 150 g","1,49 €  9,93 €/kg "
4559,"Kreeker kliidega, ARCOR, 200 g","1,09 €  5,45 €/kg "
4560,"Galett kikerherne Fittolini, LESTELLO, 130 g","2,19 €  16,85 €/kg "
4561,"Piimašokolaad Dumle toffeetükkidega, KARL FAZER, 200 g","2,99 €  14,95 €/kg "
4562,"Leivasegu, GERMUND, 100 g","0,79 €  7,90 €/kg "
4563,"Maiuspala šokolaadipallid, KALEV, 140 g","1,99 €  7,11 €/kg "
4564,"Kartulikrõps hapukoore- ja sibulamaitseline, ESTRELLA, 130 g","1,79 €  13,77 €/kg "
4565,"Soolakõrsikud Salzletten, LORENZ, 150 g","0,99 €  6,60 €/kg "
4566,"Närimiskumm White Spearmint suhkruvaba, ORBIT, 14 g","0,59 €  42,14 €/kg "
4567,"Valge šokolaad tervete metspähklitega, RITTER SPORT, 100 g","1,99 €  19,90 €/kg "
4568,"Maapähkel, SELVER, 400 g","1,29 €  3,23 €/kg "
4569,"Kummikommid Passion, TUTTI FRUTTI, 180 g","1,69 €  9,39 €/kg "
4570,"Jõhvika-röstitud pähklite segu, PREMIUM, 300 g","5,29 €  17,63 €/kg "
4571,"Piimašokolaad tervete metspähklitega, KALEV, 200 g","2,79 €  13,95 €/kg "
4572,"Pastillid mesi/sidrun, LOCKETS, 41 g","0,69 €  16,83 €/kg "
4573,"Merekivid, KALEV, 200 g","1,49 €  7,45 €/kg "
4574,"Vahukommid, HARIBO, 150 g","1,69 €  11,27 €/kg "
4575,"Koolamaitselised kummikommid, HARIBO, 100 g","0,99 €  9,90 €/kg "
4576,"Küüslauguleivake, BALSNACK, 80 g","0,65 €  8,13 €/kg "
4577,"Pehme mango, SEEBERGER, 100 g","4,49 €  44,90 €/kg "
4578,"Närimiskumm Spearmint suhkruvaba, ORBIT, 14 g","0,55 €  39,29 €/kg "
4579,"Juurika leivasnäkid, FAZER, 120 g","1,39 €  11,58 €/kg "
4580,"Rõngik magus, VIKSTAL, 150 g","0,79 €  5,27 €/kg "
4581,"Premium Jõhvikas, GERMUND, 300 g","3,39 €  11,30 €/kg "
4582,"Päevalilleseemned röstitud (triibulised), MOGYI, 200 g","0,99 €  4,95 €/kg "
4583,"Kummikommid (hapud), TUTTI FRUTTI, 180 g","1,59 €  8,83 €/kg "
4584,"Eukalüpti-mentoolimaitseline täidisega karamell, KALEV, 120 g","0,65 €  5,42 €/kg "
4585,"Krõpsud balsamico äädikaga, LORENZ, 100 g","1,49 €  14,90 €/kg "
4586,"Küpsis pähkli-rosina, RÕNGU PAGAR, 250 g","1,79 €  7,16 €/kg "
4587,"Pulgakomm maasikamaitseline, prõksuva suhkruga, CHUPA CHUPS, 14 g","0,59 €  42,14 €/kg "
4588,"Krõbe kaeraküpsis Kaera-Ants, MARMITON, 400 g","1,99 €  4,98 €/kg "
4589,"Kreekerid paprikaga, TUC, 100 g","1,09 €  10,90 €/kg "
4590,"Rosinad ÖKO, KOMMI ASEMEL, 150 g","1,29 €  9,92 €/kg "
4591,"Šokolaad White, TWIX, 46 g","0,59 €  11,80 €/kg "
4592,"Röstitud soolatud maapähkel 400 g, SELVER, 400 g","1,49 €  3,73 €/kg "
4593,"Starmix kummikommid, HARIBO, 100 g","0,99 €  9,90 €/kg "
4594,"Nisukrõps Piraat suitsupeekoni, BALSNACK, 150 g","1,29 €  8,60 €/kg "
4595,"Dražeed Skittles Widlberry, SKITTLES, 125 g","1,19 €  9,52 €/kg "
4596,"Rahvapräänik, VÄIKE VÄÄNIK, 500 g","1,39 €  2,78 €/kg "
4597,"Maisikrõps juustumaitseline, CHEETOS, 165 g","1,49 €  9,03 €/kg "
4598,"Šokolaadibatoon, DUMLE, 40g","0,59 €  14,75 €/kg "
4599,"Banaani lõigud, TAKE1 REGULAR, 100 g","0,89 €  8,90 €/kg "
4600,"Piimašokolaad Nurr väikese mulliga, KALEV, 65 g","0,99 €  15,23 €/kg "
4601,"Pez täitepakk puuviljamaitsel., PEZ, 51 g","0,59 €  11,57 €/kg "
4602,"Halvaa Ali-Baba india pähklit., MARMITON, 100 g","0,89 €  8,90 €/kg "
4603,"Tume šokolaad tervete metspähklitega, KALEV, 100 g","1,59 €  15,90 €/kg "
4604,"Šokolaadipastillid pähkliga, M&M'S, 200 g","2,79 €  13,95 €/kg "
4605,"Närimiskumm Orbit White Spearmint suhkruvaba kotis, ORBIT, 35 g","1,19 €  34,00 €/kg "
4606,"Premium Aprikoos, GERMUND, 300 g","3,29 €  10,97 €/kg "
4607,"Šokolaad Lion Standard 2 pakk, NESTLE, 60 g","0,69 €  11,50 €/kg "
4608,"Närimiskumm Winterfresh kotis, ORBIT, 58 g","1,69 €  29,14 €/kg "
4609,"Juurvilja segu krõpsud, KIWA, 70 g","2,19 €  31,29 €/kg "
4610,"Kompvekid Rocher, FERRERO, 200g","8,49 € 11,32 €/l "
4611,"Õhuline valge šokolaad, ROSHEN, 80 g","1,09 €  13,63 €/kg "
4612,"Kartulisnack paprikaga, LORENZ, 100 g","1,19 €  11,90 €/kg "
4613,"Närimiskomm Draakon õuna, KALEV, 110 g","0,95 €  8,64 €/kg "
4614,"Soolakõrsikud, LORENZ, 75 g","0,49 €  6,53 €/kg "
4615,"Kommikarp Linnupiim valik, KALEV, 238 g","4,29 €  7,80 €/kg "
4616,"Šokolaadimaitselise kreemiga vahvlid, KALEV, 250 g","2,29 €  9,16 €/kg "
4617,"Kartulikrõps juustumaitseline, ESTRELLA, 180 g","2,29 €  12,72 €/kg "
4618,"Kaerahelbeküpsised, FLORA, 300 g","3,19 €  10,63 €/kg "
4619,"Jõhvikas, TAKE1 REGULAR, 100 g","1,29 €  12,90 €/kg "
4620,"Maapähkel kooritud, SELVER, 400 g","1,39 €  3,48 €/kg "
4621,"Karamell Frutic Assortii, BUCURIA, 190 g","0,69 €  3,63 €/kg "
4622,"Juustuküpsis, RÕNGU PAGAR, 250 g","1,99 €  7,96 €/kg "
4623,"Mynthon xylitol menthol suhkruvaba, MYNTHON, 31 g","0,69 €  22,26 €/kg "
4624,"Piimavahvel Knoppers pähklitäidisega, STORCK, 25 g","0,39 €  15,60 €/kg "
4625,"Täispähkli šokolaad, RITTER SPORT, 100 g","1,99 €  19,90 €/kg "
4626,"Chia seemned, PÄHKLINÄPP, 200 g","1,89 €  9,45 €/kg "
4627,"Kartulikrõpsud hapukoore- ja sibulamaitselised Less Fat, TAFFEL, 325 g","2,99 €  9,20 €/kg "
4628,"Tšillimaitselised röstitud maapähklid, TAFFEL, 150 g","1,79 €  11,93 €/kg "
4629,"Karamell piparmündimaitseline, KALEV, 120 g","0,65 €  5,42 €/kg "
4630,"Apelsinimaitselised dražeed, TIC TAC, 18 g.","0,59 €  32,78 €/kg "
4631,"Pehmed vahvlid, PRALINE, 250 g","1,69 €  6,76 €/kg "
4632,"Kummikommid Fantaasia, HARIBO, 200 g","1,69 €  8,45 €/kg "
4633,"Tume šokolaad kirsiga, KALEV, 200 g","2,79 €  13,95 €/kg "
4634,"Tortiljakrõpsud veganjuustuga, MR FREED, 135 g","1,99 €  14,74 €/kg "
4635,"Küpsised vaarikamarmelaadiga, PRIMART, 260 g","1,29 €  4,96 €/kg "
4636,"Kreekerid Juustu Mini, TUC, 100 g","1,09 €  10,90 €/kg "
4637,"Sinihallitusjuustumaitselised röstitud maapähklid, TAFFEL, 150 g","1,79 €  11,93 €/kg "
4638,"Üllatusmuna Shimmer & Shine, , 20 g","0,89 €  44,50 €/kg "
4639,"Peekonimaitseline kartulikrõps, LAY'S, 140 g","1,79 €  12,79 €/kg "
4640,"Suhkru-, laktoosi- ja gluteenivaba riisišokolaad, BRUNBERG, 20 g","0,59 €  29,50 €/kg "
4641,"Sokolaadipastillid, M&M'S, 200 g","2,69 €  13,45 €/kg "
4642,"Mandel, EATNEAT, 100 g","2,09 €  20,90 €/kg "
4643,"India pähkel, EATNEAT, 100 g","2,39 €  23,90 €/kg "
4644,"Extra kvaliteediga tudengieine, ARIMEX, 500 g","5,49 €  21,96 €/kg "
4645,"Mustasõstraküpsised marmelaadiga, MAIASMOKK, 130 g","1,09 €  8,38 €/kg "
4646,"Pastillid Extra Strong, LOCKETS, 41 g","0,69 €  16,83 €/kg "
4647,"Vahvlirullid Waffeletten piimašokolaadiga, BAHLSEN, 100 g","1,69 €  16,90 €/kg "
4648,"Linaseemned Organic, ARIMEX, 200 g","1,49 €  7,45 €/kg "
4649,"Närimiskumm arbuusimaitseline, ORBIT, 58 g","1,69 €  29,14 €/kg "
4650,"Kummikommid, TUTTI FRUTTI, 180 g","1,59 €  8,83 €/kg "
4651,"Nurr piimašokolaad vahukommidega, KALEV, 100 g","1,59 €  15,90 €/kg "
4652,"Närimiskomm Draakon maasika, KALEV, 110 g","0,95 €  8,64 €/kg "
4653,"Martsipanibatoon iiri kohvi m., KALEV, 40 g","0,59 €  14,75 €/kg "
4654,"Kreekerid juustuga, TUC, 100 g","1,09 €  10,90 €/kg "
4655,"Jõhvikasefiir, LAIMA, 200 g","1,29 €  6,45 €/kg "
4656,"Magus kõrsik, NÖÖBIK, 250 g","1,29 €  5,16 €/kg "
4657,"Kummikommid Yoghurt Gums, KATJES, 200 g","1,39 €  6,95 €/kg "
4658,"Maitsestatud maisisnäkid „Hearts“, TAFFEL, 235 g","2,49 €  10,60 €/kg "
4659,"Hummusekrõpsud hapukoore ja tilliga, EAT REAL, 80 g","1,99 €  14,74 €/kg "
4660,"Piimašokolaadikompvekid metspähkli täidisega, KALEV, 150 g","2,99 €  9,34 €/kg "
4661,"Mooniseemned, TAKE1 CHEF, 100 g","1,29 €  12,90 €/kg "
4662,"Elephant rõngik valgete ja mustade seesamiseemnetaga, ALKA, 80 g","0,89 €  11,13 €/kg "
4663,"Sinepimaitselised seakamarakrõpsud, OSSI, 40 g","1,09 €  27,25 €/kg "
4664,"Kaeraküpsised jõhvikatega, MARMITON, 150 g","0,99 €  6,60 €/kg "
4665,"Hummusekrõpsud tšilli ja sidruni, EAT REAL, 135 g","1,99 €  14,74 €/kg "
4666,"Mustad päevalilleseemned röstitud, YES, 150 g","1,29 €  8,60 €/kg "
4667,"Premium marjade ja papaya segu, GERMUND, 300 g","2,79 €  9,30 €/kg "
4668,"Läätsekrõpsud tšilli ja sidruni, EAT REAL, 80 g","1,99 €  17,61 €/kg "
4669,"Küpsised apelsini täidisega, MILKA, 147 g","1,49 €  10,14 €/kg "
4670,"Mandel mündimaitselises piimašokolaadis, KALEV, 140 g","2,59 €  18,50 €/kg "
4671,"Kõrsik piimašokolaadis, MILKA, 112 g","1,49 €  13,30 €/kg "
4672,"Pomsticks kartulipulgad ketšupiga, LORENZ, 100 g","1,19 €  11,90 €/kg "
4673,"Mustikamaitseline sefiir, LAIMA, 200 g","1,29 €  6,45 €/kg "
4674,"Juustupulgad, VÄIKE VÄÄNIK, 200 g","1,79 €  8,95 €/kg "
4675,"Vahukommid, FUN, 175 g","1,39 €  7,94 €/kg "
4676,"Röstitud maapähklid meega, ESTRELLA, 140 g","2,19 €  15,64 €/kg "
4677,"Pähkli- ja puuviljasegu, SELVER, 400 g","2,99 €  7,48 €/kg "
4678,"Küpsis Choc & Choc, MILKA, 150 g","2,19 €  21,90 €/kg "
4679,"Küpsis Chocograin, MILKA, 126 g","1,49 €  11,83 €/kg "
4680,"Tomatimaitseline kartulikrõps, LAY'S, 215 g","2,19 €  10,19 €/kg "
4681,"Pastillid Halls mee-sidruni, HALLS, 34 g","0,59 €  17,35 €/kg "
4682,"Šokolaadibatoon, GEISHA, 37g","0,49 €  13,24 €/kg "
4683,"Ploomid tumedas šokolaadis, SKRIVERU, 110 g","1,89 €  17,18 €/kg "
4684,"Küpsis digestive kaera-apelsinimaitselised, GULLON, 425 g","2,09 €  4,92 €/kg "
4685,"Üllatusmuna LOL, ZAINI, 20 g","0,89 €  44,50 €/kg "
4686,"Metsapähkel röstitud, GERMUND, 200 g","3,99 €  19,95 €/kg "
4687,"Seakamar, OK SNACKS, 150 g","2,99 €  19,93 €/kg "
4688,"Rosin Sultana, PÄHKLINÄPP, 500 g","1,79 €  3,58 €/kg "
4689,"Näkileib Original Rye, FINN CRISP, 250 g","2,49 €  9,96 €/kg "
4690,"Närimiskumm Blueberry, ORBIT, 14 g","0,55 €  39,29 €/kg "
4691,"Metspähkel tumedas šokolaadis, KALEV, 140 g","2,59 €  18,50 €/kg "
4692,"Milka piimašokolaad Oreo, MILKA","0,59 €  15,95 €/kg "
4693,"Mündimaitselised dražeed, TIC TAC, 18 g","0,59 €  32,78 €/kg "
4694,"Batoon Kirju koer küpsise ja marmelaaditükkidega, KALEV, 36 g","0,45 €  12,50 €/kg "
4695,"Banaanilaastud ÖKO, KOMMI ASEMEL, 100 g","0,99 €  12,38 €/kg "
4696,"Kaerahelbeküpsised mandlite ja s, FLORA, 300 g","3,49 €  11,63 €/kg "
4697,"Vahvlid, STROOPWAFEL, 250 g","1,99 €  7,96 €/kg "
4698,"Tiramisu mandel kakaos, KALEV, 140 g","2,59 €  18,50 €/kg "
4699,"Oreo Choc'o Brownie küpsis, OREO, 176 g","1,79 €  10,17 €/kg "
4700,"Piimašokolaadivahvel piima-pähklitäidisega, KINDER, 108 g","1,29 €  34,40 €/kg "
4701,"Kartulikrõps Piraat, BALSNACK, 60 g","0,59 €  9,83 €/kg "
4702,"Küpsised pähklite ja meega, BELVITA, 300 g","2,49 €  8,30 €/kg "
4703,"Küpsised HIT kakao, BAHLSEN, 220 g","1,49 €  6,77 €/kg "
4704,"Mini Vahukommid, VAN DAMME, 100 g","1,09 €  10,90 €/kg "
4705,"Kakaovahvlid tumeda šokolaadi glasuuriga, MARMITON, 150 g","1,49 €  9,93 €/kg "
4706,"Rosin ""Blue"", SEEBERGER, 200 g","2,29 €  11,45 €/kg "
4707,"Mustsõstrakangikesed, VERI BERI, 50 g","1,39 €  27,80 €/kg "
4708,"Närimiskumm Orange, ORBIT, 14 g","0,55 €  39,29 €/kg "
4709,"Kummikomm Waterlemon Slices, VIDAL, 100 g","0,89 €  8,90 €/kg "
4710,"Pistaatsiapähkel soolata, EATNEAT, 100 g","2,59 €  25,90 €/kg "
4711,"Grissiinid küüslaugu, LA MOLE, 120 g","1,09 €  9,08 €/kg "
4712,"Ananassikuubikud, TAKE1 REGULAR, 150 g","1,59 €  10,60 €/kg "
4713,"Pistaatsiapähklid röstitud ja soolatud, SELVER, 400 g","7,49 €  18,73 €/kg "
4714,"Marmelaad Trulla, MARMITON, 160 g","1,09 €  6,81 €/kg "
4715,"Koorekompvekid, WERTHER'S, 135 g","1,79 €  13,26 €/kg "
4716,"Kirsikangikesed, VERI BERI, 50 g","1,39 €  27,80 €/kg "
4717,"Barni maasika biskviitküpsis, LU, 30 g","0,39 €  13,00 €/kg "
4718,"Tiina marmelaadipulgad šokolaadis, KALEV, 170 g","3,99 €  7,13 €/kg "
4719,"Maapähklid, ESTRELLA, 140 g","1,99 €  14,21 €/kg "
4720,"Mesikäpp šokolaadimaitselised küpsised, KALEV, 240 g","1,09 €  4,54 €/kg "
4721,"Pähkel karamellis Toffifee, TOFFIFEE, 400 g","9,49 €  23,73 €/kg "
4722,"Kommikarp Valik šokolaade, MERCI, 250 g","6,99 €  17,48 €/kg "
4723,"Kaeraküpsis, MARMITON, 500 g","1,79 €  3,58 €/kg "
4724,"Nätsukommid Fruits kotis, MENTOS, 160 g","1,99 €  12,44 €/kg "
4725,"Viigimari, GERMUND, 200 g","1,69 €  8,45 €/kg "
4726,"Küpsised Lunch Clubs, LORENZ, 180 g","1,49 €  8,28 €/kg "
4727,"Rõngik magus piklik, VIKSTAL, 300 g","1,39 €  4,63 €/kg "
4728,"Närimiskommide segupakk Draakon, KALEV,","3,59 €  8,55 €/kg "
4729,"Soolane Snäkk, MARTA PAGAR, 50 g","0,99 €  19,80 €/kg "
4730,"Marmelaadid punase- ja mustasõstramahlaga, MARMITON, 152 g","1,29 €  8,49 €/kg "
4731,"Kaeraküpsised glasuuriga, MARMITON, 300 g","1,49 €  4,97 €/kg "
4732,"Küpsis Kringel, HAMLET, 300 g","1,99 €  6,63 €/kg "
4733,"Pähklite ja puuviljade segu, PÄHKLINÄPP, 200 g","2,99 €  14,95 €/kg "
4734,"Oreo Vanilla Original küpsis, OREO, 44 g","0,59 €  13,41 €/kg "
4735,"Šokolaadinööbid, KALEV, 125 g","2,69 €  5,38 €/kg "
4736,"Küpsised Ladyfingers, FORNO BONOMI, 400 g","1,99 €  4,98 €/kg "
4737,"Ingver, KOMMI ASEMEL, 150 g","1,49 €  9,93 €/kg "
4738,"Närimiskumm Sweetmint suhkruvaba kotis, ORBIT, 35 g","1,19 €  34,00 €/kg "
4739,"Triibulised päevalilleseemned röstitud, YES, 150 g","1,39 €  9,27 €/kg "
4740,"Võileivaküpsis, CARR`S, 125 g","1,39 €  11,12 €/kg "
4741,"Maasikamaitselised dražeed, TIC TAC, 18 g","0,59 €  32,78 €/kg "
4742,"Kartulikrõps Fine Slices hapukoore-sibulamaitseline, ESTRELLA, 180 g","2,29 €  12,72 €/kg "
4743,"Kreeker Mix cereals, ARCOR, 185 g","1,09 €  5,89 €/kg "
4744,"Näkileib Sesam, FINN CRISP, 250 g","2,49 €  9,96 €/kg "
4745,"Närimiskumm White Fruit suhkruvaba, ORBIT, 14 g","0,59 €  42,14 €/kg "
4746,"Pähklite segu Ekstra, ARIMEX, 300 g","7,29 €  14,58 €/kg "
4747,"Kompvekid, MARIANNE, 220 g","2,59 €  11,77 €/kg "
4748,"Koorepumatikompvekid Nostalgia, MARIS GILDEN, 180 g","2,29 €  18,32 €/kg "
4749,"Mandlite ja marjade segu, PÄHKLINÄPP, 200 g","2,79 €  13,95 €/kg "
4750,"Röstitud seakrõps, OK SNACKS, 50 g","1,69 €  33,80 €/kg "
4751,"Brasiilia pähkel, PÄHKLINÄPP, 100 g","2,29 €  22,90 €/kg "
4752,"Suhkruvabad küpsised Digestive, GULLON, 400 g","2,29 €  5,73 €/kg "
4753,"Soolakringel, CROCO, 300 g","1,99 €  6,63 €/kg "
4754,"Soolakõrsikud Mini, CROCO, 250 g","1,59 €  6,36 €/kg "
4755,"Täistera rukkisnäkid hapukoore ja sibulaga, FINN CRISP, 150 g","2,99 €  19,93 €/kg "
4756,"Tume šokolaad Tallinn täidisega, KALEV, 100 g","1,59 €  15,90 €/kg "
4757,"Juustuküpsis, MARTA PAGAR, 280 g","2,99 €  10,68 €/kg "
4758,"Juustupulk, KUNO PLAAN, 400 g","4,99 €  12,48 €/kg "
4759,"India pähkel röstitud,soolatud, GERMUND, 150 g","2,99 €  19,93 €/kg "
4760,"Pastillid Spearmint Mints, ORBIT, 28 g","0,69 €  24,64 €/kg "
4761,"Küpsis pähklite ja seemnetega, ELYZEE, 500 g","2,69 €  5,38 €/kg "
4762,"Kaeraküpsis Van Kook, VAN KOOK, 200 g","2,29 €  11,45 €/kg "
4763,"Nätsukommi 4-pakk, MAMBA, 106 g","0,99 €  9,34 €/kg "
4764,"Närimiskumm White Freshmint, ORBIT, 14 g","0,59 €  42,14 €/kg "
4765,"Kuivatatud õunarõngad, ARIMEX, 200 g","1,99 €  9,95 €/kg "
4766,"Šokolaaditahvlid karbis After Eight, NESTLE, 200 g","2,29 €  4,58 €/l "
4767,"Šokolaadibanaanid, CASALI, 150g","2,99 €  14,95 €/kg "
4768,"Šokolaad Kinder Country, KINDER, 94g","1,59 €  16,91 €/kg "
4769,"Piimašokolaad Linda pähklitega, KALEV, 300 g","4,29 €  14,30 €/kg "
4770,"Kommikarp, GEISHA, 150g","5,49 €  15,25 €/kg "
4771,"Tume šokolaad Excellence tšilliga, LINDT, 100g","3,29 €  32,90 €/kg "
4772,"Martsipanibatoon kookosega Marzipan, KALEV, 40g","0,59 €  14,75 €/kg "
4773,"Närimiskumm Green Mint, AIRWAVES, 14 g","0,59 €  42,14 €/kg "
4774,"Näkileivad seemnete ja meresoolaga, MARIS GILDEN, 90 g","1,29 €  14,33 €/kg "
4775,"Mesikäpp vanillimaitselised küpsised, KALEV, 240 g","1,09 €  4,54 €/kg "
4776,"Rukkikrõpsud hapukoore ja sibulaga, LINKOSUO, 150 g","2,89 €  19,27 €/kg "
4777,"Kompvekid, MARIANNE, 120 g","1,79 €  14,92 €/kg "
4778,"Elephant rõngik soolaga, ALKA, 80 g","0,89 €  11,13 €/kg "
4779,"Mustikas tumedas šokolaadis topsis, KALEV, 160 g","2,69 €  17,93 €/kg "
4780,"Küpsised gluteiinivaba, SCHÄR, 100 g","1,89 €  18,90 €/kg "
4781,"Õhuline valge šokolaad, MILLENNIUM, 90 g","0,99 €  11,00 €/kg "
4782,"Apelsinimaitselised dražeed, TIC TAC, 49 g","1,49 €  30,41 €/kg "
4783,"Küpsis Olümpia, KUNO PLAAN, 400 g","4,99 €  12,48 €/kg "
4784,"Krõbe maasikas, MYSNACK, 12 g","1,99 €  165,83 €/kg "
4785,"Kummikommid Wunderland Rainbow, KATJES, 200 g","1,39 €  6,95 €/kg "
4786,"Närimiskumm meloni- ja mündimaitseline, ORBIT WHITE, 14 g","0,59 €  42,14 €/kg "
4787,"Kommikarp martsipani ja ploomi-madeira, ANTHON BERG, 220 g","2,99 €  18,69 €/kg "
4788,"Apelsiniküpsis, SELVERI KÖÖK, 200 g","2,49 €  12,45 €/kg "
4789,"Pastillid jõhvika-mustika, LOCKETS, 41 g","0,69 €  16,83 €/kg "
4790,"Juustupallid Piraat, BALSNACK, 150g","1,49 €  9,93 €/kg "
4791,"Piimašokolaad tervete pähklitega, MILKA, 250g","3,59 €  14,36 €/kg "
4792,"Soolakreeker ""TOP"" soolaga, CROCO, 150 g","1,09 €  7,27 €/kg "
4793,"Kummikommid ""Lehmakesed"", TROLLI, 200 g","1,49 €  7,45 €/kg "
4794,"Tume tume šokolaad Põrgupiiga seemnetega, KALEV, 300 g","4,39 €  14,63 €/kg "
4795,"Juurika leivasnäkid Porgandi ja Sibulaga, FAZER, 300 g","2,59 €  8,63 €/kg "
4796,"Kuivatatud aprikoosid, SEEBERGER, 200 g","4,49 €  22,45 €/kg "
4797,"Dražeed Fruits, SKITTLES, 38 g","0,69 €  18,16 €/kg "
4798,"Barni šokolaadi biskviitküpsis, LU, 150 g","1,69 €  11,27 €/kg "
4799,"Piimašokolaadikompvekid cappuccino-maitselise pähklinugati täidisega (40%), GEISHA,","5,99 €  27,23 €/kg "
4800,"Must ploom Ashlock, PÄHKLINÄPP, 500 g","2,79 €  18,60 €/kg "
4801,"Sherbett pähklitega, VÄIKE VÄÄNIK, 200 g","1,39 €  6,95 €/kg "
4802,"Martsipanikompvek kookosega, KALEV, 175 g","2,39 €  13,66 €/kg "
4803,"Küpsis Narva, PAGARIPOISID, 200 g","1,99 €  9,95 €/kg "
4804,"Kaerahelbeküpsised rosinatega, FLORA, 300 g","3,19 €  10,63 €/kg "
4805,"Närimiskumm Watermelon, HALLS, 18 g","0,79 €  43,89 €/kg "
4806,"Maapähkel, PÄHKLINÄPP, 500 g","1,79 €  3,58 €/kg "
4807,"Küpsis Narva, SELVERI KÖÖK, 200 g","2,19 €  10,95 €/kg "
4808,"Kirsiküpsised, MAIASMOKK, 130 g","1,09 €  8,38 €/kg "
4809,"Kommid Rocher 3tk, 37,5 g","8,99 € 11,99 €/l "
4810,"Piimašokolaad sarapuu- ja makadaamiapähklitega, ilma lisatud suhkruta, RED, 100 g","1,99 €  19,90 €/kg "
4811,"Piimašokolaad cappuccino-maitselise pähklinugati täidisega (40%), GEISHA, 100 g","1,59 €  15,90 €/kg "
4812,"Ahjus röstitud maapähklid soolaga, ESTRELLA, 140 g","2,19 €  15,64 €/kg "
4813,"Valik liköörikompvekke, KALEV, 350 g","3,19 €  6,38 €/kg "
4814,"Küpsised metsamarja, BELVITA, 300 g","2,39 €  7,97 €/kg "
4815,"Šokolaadid After Eight, NESTLE, 400 g","5,39 €  15,40 €/kg "
4816,"Närimiskumm Cherry Menthol, AIRWAVES, 14 g","0,59 €  42,14 €/kg "
4817,"Koorelikööritäidisega kompvekid Vana Tallinn, KALEV, 124 g","5,49 €  13,73 €/kg "
4818,"Kompvekid vaarikamarmelaaditäidisega, KALEV, 224g","2,39 €  19,27 €/kg "
4819,"Tume šokolaad, ilma lisatud suhkruta, RED, 100 g","1,99 €  19,90 €/kg "
4820,"Kuninglik segu, ARIMEX, 300 g","6,69 €  22,30 €/kg "
4821,"Küpsised Domino šokolaadikattega, FAZER, 354 g","3,49 €  9,86 €/kg "
4822,"Premium pistaatsia pähkel, GERMUND, 250 g","6,99 €  27,96 €/kg "
4823,"Kaerakrõpsud hapukoore- ja sibulamaitselised, LINKOSUO,","2,29 €  19,08 €/kg "
4824,"Soolapulgad Van Kook, VAN KOOK, 200 g","1,89 €  9,45 €/kg "
4825,"Pähklite ja puuviljade segu, KOMMI ASEMEL, 150 g","1,29 €  8,60 €/kg "
4826,"Vahvlid, STROOPWAFEL, 315 g","1,99 €  6,32 €/kg "
4827,"Metspähkel, PÄHKLINÄPP, 500 g","8,99 €  17,98 €/kg "
4828,"Näkileivad seemnetega, MARIS GILDEN, 135 g","1,59 €  11,78 €/kg "
4829,"Rõngik fruktoosiga, VIKSTAL, 300 g","1,49 €  4,97 €/kg "
4830,"Pistaatsia röstitud,soolatud, MOGYI, 60 g","1,49 €  24,83 €/kg "
4831,"Kreeka pähkel, EATNEAT, 70 g","1,69 €  24,14 €/kg "
4832,"Soolakreeker juustumaitseline, CROCO, 400 g","2,09 €  5,23 €/kg "
4833,"Everyday Mix, ARIMEX, 300 g","2,89 €  9,63 €/kg "
4834,"Assortiišokolaad, MERCI, 400 g","4,49 €  44,90 €/kg "
4835,"Valeriküpsis Van Kook, VAN KOOK, 200 g","2,29 €  11,45 €/kg "
4836,"Kõrvitsaseemned puhastatud, GERMUND, 125 g","2,29 €  18,32 €/kg "
4837,"Trühvlid originaal (kakaokattega), BELGIAN, 210g","3,49 €  12,93 €/kg "
4838,"Tatraküpsis, VÄIKE VÄÄNIK, 250 g","0,79 €  3,16 €/kg "
4839,"Kõrvitsaseemned röstitud ja soolatud, BOSO, 150 g","1,49 €  9,93 €/kg "
4840,"Mesikäpp Nommid küpsisepall piimašokolaadis, KALEV, 120 g","1,29 €  10,75 €/kg "
4841,"Piimašokolaad maisihelvestega, KALEV, 200 g","2,79 €  13,95 €/kg "
4842,"Šokolaad metspähklitega vegan, VEGO, 150 g","3,99 €  26,60 €/kg "
4843,"Maasikaküpsised, MAIASMOKK, 130 g","1,09 €  8,38 €/kg "
4844,"Kaelariputatav medal Nr.1 piimašokolaadist, STEENLAND, 23 g","2,19 €  2,19 €/tk "
4845,"Küüslauguleivad Van Kook, VAN KOOK, 100 g","1,19 €  11,90 €/kg "
4846,"Küpsis juustukeeleke, PAGARIPOISID, 200 g","2,69 €  13,45 €/kg "
4847,"Chia seemned, SEEBERGER, 250 g","4,99 €  19,96 €/kg "
4848,"Röstitud maapähklid soolaga, ESTRELLA, 140 g","2,19 €  15,64 €/kg "
4849,"Makadaamiapähklid, KOMMI ASEMEL, 130 g","4,99 €  38,38 €/kg "
4850,"Kommikarp Tuljak, KALEV, 189g","1,19 €  51,74 €/kg "
4851,"Kuivatatud dattel Premium, ARIMEX, 500 g","14,99 €  14,99 €/tk "
4852,"Nutella B-ready T1, NUTELLA, 22 g","0,55 €  25,00 €/kg "
4853,"Kompvekid Parimaid soove, KALEV, 186 g","10,99 €  58,15 €/kg "
4854,"Šokolaadipallide assortii, LINDT, 200 g","3,69 €  19,84 €/kg "
4855,"Elephant rõngik meega, 70g, ALKA","0,89 €  12,71 €/kg "
4856,"Dražeed Crazy Sours, SKITTLES, 125 g","1,29 €  10,32 €/kg "
4857,"Martsipanimass mandliga, KALEV, Kg","11,99 €  11,99 €/kg "
4858,"Kinder Maxi T2, FERRERO, 42 g","0,69 €  16,43 €/kg "
4859,"Dražeed Crazy Sours, SKITTLES, 38 g","0,69 €  18,16 €/kg "
4860,"Pitakrõpsud parmesani- küüslaugu- ja petersellimaitselised, DEMAS'S, 100 g","1,89 €  18,90 €/kg "
4861,"Küpsised šokolaadiga ""Vallatud seenekesed"", MILTONAS, 170 g","1,69 €  9,94 €/kg "
4862,"Elephant rõngik pitsamaitseline, 70g, ALKA","0,89 €  12,71 €/kg "
4863,"Vahvlitort Moka, LAIMA, 350 g","1,99 €  5,69 €/kg "
4864,"India pähkel röstitud, MOGYI, 70 g","1,59 €  22,71 €/kg "
4865,"Šokolaadiküpsised, BELVITA, 50 g","0,49 €  9,80 €/kg "
4866,"Küpsised 5 vilja piimaga, BELVITA, 300 g","2,39 €  7,97 €/kg "
4867,"Seemned triibulised soolaga, BOSO, 150 g","0,89 €  5,93 €/kg "
4868,"Rõngik soola, VIKSTAL, 400 g","1,69 €  4,23 €/kg "
4869,"Taani küpsised, BISCA, 375 g","2,09 €  5,57 €/kg "
4870,"Assortii Tallinna siluett, KALEV, 186 g","1,09 €  0,22 €/l "
4871,"Proteiinirikas segu, PÄHKLINÄPP, 200 g","2,89 €  14,45 €/kg "
4872,"Täistera rukkisnäkid röstitud paprika ja chipotle pipraga, FINN CRISP, 150 g","2,99 €  19,93 €/kg "
4873,"Pumpernikkel, REVAL KONDIITER, 165 g","1,59 €  9,64 €/kg "
4874,"Kommikarp Ferrero Collection T15, FERRERO, 175g","0,99 €  49,50 €/kg "
4875,"Valik šokolaadikompvekke Kuldne, KALEV, 435 g","3,29 €  17,69 €/kg "
4876,"Näkileivad seemnetega, tomati-chilli, MARIS GILDEN, 135 g","1,59 €  11,78 €/kg "
4877,"Küpsised, GEISHA, 100 g","3,19 €  31,90 €/kg "
4878,"Kakaoküpsised piparmünditükkidega täidisega, FAZER, 350 g","2,99 €  8,54 €/kg "
4879,"Kommikarp Kannel, KALEV, 300 g","1,29 €  1,29 €/tk "
4880,"Kuivatatud viigimarjad, SEEBERGER, 200 g","4,39 €  21,95 €/kg "
4881,"Pehme küpsis marjadega, BELVITA, 250 g","2,79 €  11,16 €/kg "
4882,"Närimiskumm Ekstra strong, HALLS, 14 g","0,59 €  42,14 €/kg "
4883,"Koore-iiris, VÄIKE VÄÄNIK, 180 g","1,19 €  6,61 €/kg "
4884,"Piimašokolaadikompvekid mustikatäidisega, FAZER, 270 g","1,29 €  1,29 €/tk "
4885,"Micro popcorn karbis, MR. POPGUN, 300 g","1,39 €  4,63 €/kg "
4886,"Piimašokolaadi pallid, LINDT, 200 g","5,29 €  19,59 €/kg "
4887,"Kaneeliküpsised speltajahust MAHE, PAGAR VÕTAKS!, 150 g","3,49 €  23,27 €/kg "
4888,"Kaneeliküpsis, TÄKUMETSA, 150 g","1,99 €  13,27 €/kg "
4889,"Suhkruvabad kummikommid Love Bears, JEALOUS SWEETS, 40 g","1,79 €  44,75 €/kg "
4890,"Soolapulgad Van Kook, VAN KOOK, 130 g","1,19 €  9,15 €/kg "
4891,"Vahukommid Sour, TUTTI FRUTTI, 150 g","1,79 €  11,93 €/kg "
4892,"Tatrakakud šokolaadiga MAHE, PAGAR VÕTAKS!, 70 g","2,39 €  34,14 €/kg "
4893,"Närimiskumm Cool Cassis, HALLS, 14 g","0,59 €  42,14 €/kg "
4894,"Krõbedad juustu küpsised, VERDUIJN'S, 75 g","2,19 €  29,20 €/kg "
4895,"Soolakreeker ""TOP"" seesami- ja mooniseemnetega, CROCO, 150 g","1,09 €  7,27 €/kg "
4896,"Kookosküpsis Van Kook, VAN KOOK, 55 g","1,09 €  19,82 €/kg "
4897,"Küpsisepulgad kreemi ja küpsisepuruga, POCKY, 45 g","2,99 €  66,44 €/kg "
4898,"Eksklusiivne trühvlite valik 32, PURE, 265 g","8,99 €  33,92 €/kg "
4899,"Kirsid tumedas šokolaadis, KÕLLESTE KOMMIMEISTRID, 140 g","3,79 €  27,07 €/kg "
4900,"Parapähkel, GERMUND, 100 g","3,29 €  32,90 €/kg "
4901,"Gluteenivabad küpsised Maria, SCHÄR, 125 g","1,99 €  15,92 €/kg "
4902,"Kaeraküpsis MAHE, PAGAR VÕTAKS!, 200 g","3,59 €  17,95 €/kg "
4903,"Pralineekompvekkide valik Kadriorg, KALEV, 435 g","10,99 €  25,26 €/kg "
4904,"Pralinee Mozart, MANNER, 118g","2,69 €  22,80 €/kg "
4905,"Kooritud kanepiseemned MAHE, TAMMEJUURE MAHETALU, 250 g","6,59 €  26,36 €/kg "
4906,"Pesto juustuküpsised, VERDUIJN'S, 75 g","1,89 €  25,20 €/kg "
4907,"Näkileivad kaneeliga, WASA, 0","2,99 €  9,06 €/kg "
4908,"Kaeraküpsis sõstraga MAHE, PAGAR VÕTAKS!, 200 g","3,59 €  17,95 €/kg "
4909,"Nätsukomm Magic Sticks, MAMBA, 150 g","1,99 €  13,27 €/kg "
4910,"Tooršokolaad vaarika & kookose, OMBAR, 70 g","4,19 €  59,86 €/kg "
4911,"Miniassortii, MILKA, 138 g","2,79 €  20,22 €/kg "
4912,"Martsipanišokolaadi kuulid Duett, MOZART, 40 g","2,69 €  67,25 €/kg "
4913,"Kommikarp Merekarbid, TREFIN, 400 g","6,99 €  17,48 €/kg "
4914,"Pähklite ja puuviljade segu, PÄHKLINÄPP, 500 g","7,79 €  15,58 €/kg "
4915,"Kommikarp südamed pähklikreemiga I love Milka, MILKA, 110 g","2,99 €  27,18 €/kg "
4916,"Kihilineküpsis MAHE, PAGAR VÕTAKS!, 150 g","4,79 €  31,93 €/kg "
4917,"Kummikommid Exotic Fruits, TUTTI FRUTTI, 325 g","2,99 €  9,20 €/kg "
4918,"Küpsis virsiku-vaarikamaitselise täidisega, DOMINO, 175 g","1,79 €  10,23 €/kg "
4919,"Mooniküpsis Van Kook, VAN KOOK, 200 g","2,79 €  13,95 €/kg "
4920,"Küpsis maasikamaitselise täidisega Moomin, FAZER, 125 g","2,39 €  19,12 €/kg "
4921,"Kuivatatud puuviljade ja pähklite segu, 1GO, 50 g","0,99 €  19,80 €/kg "
4922,"Tatranööbid šokolaadiga, PAGAR VÕTAKS!, 80 g","3,19 €  39,88 €/kg "
4923,"Mündi-marja besee, LÕUNA PAGARID, 80 g","2,49 €  31,13 €/kg "
4924,"Pähklite-oliivide segu, SEEBERGER, 125 g","4,99 €  39,92 €/kg "
4925,"Kommikarp Tänan Sind, KALEV, 120 g","2,49 €  20,75 €/kg "
4926,"Küpsised pähklite ja meega, BELVITA, 50 g","0,49 €  9,80 €/kg "
4927,"Küpsis Mini Original, DOMINO, 99 g","1,99 €  20,10 €/kg "
4928,"Küpsis banaanimaitselise täidisega Moomin, FAZER, 125 g","2,39 €  19,12 €/kg "
4929,"Apelsiniküpsis, PAGARIPOISID, 200 g","2,79 €  13,95 €/kg "
4930,"Kartulikrõpsud sool & äädikas, PRINGLES, 165 g","2,49 €  15,09 €/kg "
4931,"Grissiinid seesamiga, LA MOLE, 120 g","1,09 €  9,08 €/kg "
4932,"Tume šokolaad 72% meresoolaga, CACHET, 100 g","4,49 €  44,90 €/kg "
4933,"Liivaküpsis, , 300 g","4,49 €  14,97 €/kg "
4934,"Kommikarp Merekarbid, TREFIN, 200 g","5,79 €  28,95 €/kg "
4935,"Kuivatatud marjade segu, 1GO, 50 g","1,09 €  21,80 €/kg "
4936,"Pehme küpsis mitmevilja, BELVITA, 250 g","2,79 €  11,16 €/kg "
4937,"Valik käsitöökompvekke Kalev, KALEV, 335 g","15,99 €  47,73 €/kg "
4938,"Lindor Mini Pralinee, LINDT, 100 g","7,29 €  72,90 €/kg "
4939,"Tooršokolaad 72%, OMBAR, 70 g","4,19 €  59,86 €/kg "
4940,"Martsipanibatoon Belmanda, ZENTIS, 60 g","1,19 €  19,83 €/kg "
4941,"Närimiskumm Spearmint, HALLS, 18 g","0,79 €  43,89 €/kg "
4942,"Küpsis Jaffa Rohelised kuulid, FAZER, 300 g","3,19 €  10,63 €/kg "
4943,"Kihiline küpsis kondenspiimaga, EESTI KONDIITER, kg","8,79 €  8,79 €/kg "
4944,"Piimašokolaad karamelli ja meresoolaga, CACHET, 100 g","4,49 €  44,90 €/kg "
4945,"Assortii Tallinn, VILNIAUS PERGALE, 382 g","5,19 €  13,59 €/kg "
4946,"Dipikaste aiaürtide maitseline Dippi, TAFFEL, 15 g","0,69 €  46,00 €/kg "
4947,"Koorekomm kondenspiima täidisega Milky Splash Toffifee, ROSHEN, 150 g","1,29 €  8,60 €/kg "
4948,"Lindor Maasikatega valge šokolaadi pallid, LINDT, 200 g","6,99 €  34,95 €/kg "
4949,"Näkileib 3-seemnega klassikaline, DR. KARG, 200 g","2,49 €  12,45 €/kg "
4950,"Tume šokolaad 57% kookose ja ananassiga, CACHET, 100 g","4,49 €  44,90 €/kg "
4951,"Tooršokolaad kookose & vanilje, OMBAR, 70 g","4,19 €  59,86 €/kg "
4952,"Šokolaadid Mini, KINDER, 120g","2,29 €  19,08 €/kg "
4953,"Kookospiima tooršokolaad, OMBAR, 35 g","2,49 €  71,14 €/kg "
4954,"Karamell piimatäidisega Sweet Drop, ROSHEN, 150 g","0,89 €  5,93 €/kg "
4955,"Martsipanibatoon Belnuga, ZENTIS, 60 g","0,99 €  16,50 €/kg "
4956,"Piimašokolaadikompvekid maasikajogurti täidisega, KALEV, 116 g","2,79 €  24,05 €/kg "
4957,"Piimašokolaadikompvekid mustasõstrajogurti täidisega, KALEV, 116 g","2,79 €  24,05 €/kg "
4958,"Tume šokolaad  karamelli ja meresoolaga GRAND PLAISIR, LINDT, 150 g","5,69 €  37,93 €/kg "
4959,"Valge šokolaad  maasika  ja mandlitega GRAND PLAISIR, LINDT, 150 g","5,69 €  37,93 €/kg "
4960,"Piimašokolaad  sarapuupähklite  ja mandlitega GRAND PLAISIR, LINDT, 150 g","5,69 €  37,93 €/kg "
4961,"Tume šokolaad kirssidega Excellence, LINDT, 100 g","3,29 €  32,90 €/kg "
4962,"Barbequemaitselised maisikrõpsud, DORITOS, 100 g","1,39 €  13,90 €/kg "
4963,"Mesikäpp maisipallid kahes šokolaadis, KALEV, 90 g","1,29 €  14,33 €/kg "
4964,"Jõhvikas ja õhitud riis tumedas šokolaadis, KALEV, 150 g","2,69 €  17,93 €/kg "
4965,"Mustikas ja granola tumedas šokolaadis, KALEV, 150 g","2,69 €  17,93 €/kg "
4966,"Õunamaitseline närimiskumm, JUICY FRUIT, 35 g","0,59 €  16,86 €/kg "
4967,"Maasikamaitseline närimiskumm, JUICY FRUIT, 35 g","0,59 €  16,86 €/kg "
4968,"Puuviljamaitseline närimiskumm rullis., JUICY FRUIT, 56 g","1,69 €  30,18 €/kg "
4969,"Koolamaitseline närimiskumm rullis., JUICY FRUIT, 56 g","1,69 €  30,18 €/kg "
4970,"Dessertkommid, JAKOBSEN, 225 g","5,79 €  25,73 €/kg "
4971,"Kummikomm PLAYMOUSE, TROLLI, 200 g","1,49 €  7,45 €/tk "
4972,"Piimašokolaad piparmündi, MARABOU, 250 g","4,49 €  17,96 €/kg "
4973,"Küpsised apelsinikoore ja ekstra tumeda šokolaadiga, DESEO, 200 g","4,19 €  20,95 €/kg "
4974,"Piimašokolaad sarapuupähklitega, MARABOU, 250 g","4,49 €  17,96 €/kg "
4975,"Piimašokolaad soolaste mandlitega, MARABOU, 220 g","4,49 €  20,41 €/kg "
4976,"Kommikarp Moments Mix, MILKA, 97 g","2,99 €  30,82 €/kg "
4977,"Šokolaadibatoon Nutbar, KNOPPERS, 40 g","0,89 €  22,25 €/kg "
4978,"Suhkruvabad kummikommid Drops, DIABLO, 75 g","1,99 €  26,53 €/kg "
4979,"Dessertkommid, JAKOBSEN, 450 g","10,99 €  24,42 €/kg "
4980,"Assortiikarp After dinner, JAKOBSEN, 140 g","4,19 €  29,93 €/kg "
4981,"Piimašokolaad mandlitega steviaga GV, DIABLO, 75 g","2,49 €  33,20 €/kg "
4982,"Maapähkel hapukoore- ja sibulamaitselises koores, TAFFEL, 150 g","1,79 €  11,93 €/kg "
4983,"Sinihallitusjuustumaitselised krõpsud, JERSIKA, 96 g","1,89 €  19,69 €/kg "
4984,"Valge šokolaad maasikatükkidega magusainega GV, DIABLO, 75 g","2,49 €  33,20 €/kg "
4985,"Näkileib juustu ja küüslaugumaitseline, RIDUTO, 130 g","1,39 €  10,69 €/kg "
4986,"Näkileib tomati- ja basiilikumaitseline, RIDUTO, 130 g","1,09 €  8,38 €/kg "
4987,"Küpsised Marie, KAREN VOLF, 400 g","1,59 €  3,98 €/kg "
4988,"Kikerhernekrõpsud Kikx sibulamaitselised, TAFFEL, 60 g","0,99 €  16,50 €/kg "
4989,"Pehme aprikoos, PÄHKLINÄPP, 250 g","2,79 €  11,16 €/kg "
4990,"Cantuccini küpsised pistaatsia ja kreekapähkliga, DESEO, 200 g","3,99 €  19,95 €/kg "
4991,"Nätsukumm marjamaitseline, MENTOS, 37,5 g","0,69 €  18,16 €/kg "
4992,"Eesti pralineekompvek india pähkliga, KALEV, 500 g","7,19 €  14,38 €/kg "
4993,"Eesti piimašokolaad mandlitega, KALEV, 300 g","10,99 €  9,99 €/kg "
4994,"Maasika-rabarberimaitseline marmelaadikompvek, KALEV, 175 g","1,69 €  9,66 €/kg "
4995,"Pralineekompvek metspähkliga, KALEV, 150 g","2,19 €  14,60 €/kg "
4996,"Kummikommid Beans, FINI, 188 g","2,29 €  12,18 €/kg "
4997,"Kummikommid YO JELLS, FINI, 178 g","2,29 €  12,87 €/kg "
4998,"Kummikommid Sharks, FINI, 92 g","1,09 €  11,85 €/kg "
4999,"Kummikommid Skulls, FINI, 92 g","1,09 €  11,85 €/kg "
5000,"kummikommid magic carpets, FINI, 90 g","1,09 €  12,11 €/kg "
5001,"Pulgakomm XXL Angry Birds, CHUPA CHUPS, 29 g","0,49 €  16,90 €/kg "
5002,"Šokolaadibatoon rosinatega, TUPLA, 80 g","1,19 €  14,88 €/kg "
5003,"Täistera galetid karamelliga, DR. KÖRNER, 90 g","1,59 €  17,67 €/kg "
5004,"Leivakrõpsud küüslaugu, BON CHANCE, 240 g","1,99 €  8,29 €/kg "
5005,"Kuivatatud goji marjad, GOLDEN NUT, 100 g","2,29 €  22,90 €/kg "
5006,"Pekaanipähkel, GOLDEN NUT, 100 g","2,89 €  28,90 €/kg "
5007,"Seemne ja pähkli segu Salad mix 2, GOLDEN NUT, 150 g","0,99 €  6,60 €/kg "
5008,"Suhkrukattega hapud puuviljamaitselised kompvekid, RED BAND, 100 g","0,79 €  7,90 €/kg "
5009,"Küpsised sidrunikreemitäidisega, MATILDE VICENZI, 150 g","1,99 €  13,27 €/kg "
5010,"Kommikarp Rocher, FERRERO, 300 g","50,90 €  50,90 €/tk "
5011,"Šokolaadimedal, BONDS, 80 g","1,59 €  19,88 €/kg "
5012,"Tooršokolaad maasikapiimamaitseline, OMBAR, 35 g","2,49 €  71,14 €/kg "
5013,"Küpsised Oreo 4-pakk, OREO, 170 g","1,79 €  10,17 €/kg "
5014,"Punase riisi snäkid soola ja äädikaga, BIO FUNCTIONALS, 141,75 g","4,29 €  30,21 €/kg "
5015,"Pastillid Fruity Mix, TIC TAC, 23 g","0,59 €  25,65 €/kg "
5016,"Pastillid Fresh+ Cherry-Menthol, TIC TAC, 18 g","0,79 €  43,89 €/kg "
5017,"Pastillid Fresh+ Strong Mint, TIC TAC, 18 g","0,79 €  43,89 €/kg "
5018,"HULGI Kreekerid sibula ja hapukoorega 4tk, TUC, 4 x 100 g","3,00 €  7,50 €/kg "
5019,"HULGI Tume šokolaad tervete metsapähklitega 4tk, KARL FAZER, 4 x 200 g","8,00 €  10,00 €/kg "
5020,"HULGI Marmelaadikompvek kirsimaitseline 4tk, KALEV, 4 x 175 g","4,36 €  6,23 €/kg "
5021,"HULGI Maiuspala pralineekompvek 2tk, KALEV, 2 x 350 g","7,50 €  10,71 €/kg "
5022,"HULGI Klassikaline küpsis 10tk, KALEV, 10 x 165 g","4,00 €  2,45 €/kg "
5023,"HULGI Bitter 87% eriti tume šokolaad 6tk, KALEV, 6 x 100g","6,00 €  10,00 €/kg "
5024,"HULGI Šokolaad tervete metspähklitega 6 tk, KALEV, 6 x 100 g","6,00 €  10,00 €/kg "
5025,"HULGI Soolakreekerite/kringlite mix 4tk, CROCO, 4 x 500 g","6,60 €  3,30 €/kg "
5026,"HULGI Kakaoküpsis trühvlitäidisega 4tk, DORIS, 250 g","8,60 €  8,60 €/kg "
5027,"HULGI Sefiir šokolaadis 4tk, LAIMA, 4 x 200 g","4,00 €  5,00 €/kg "
5028,"HULGI Piimašokolaad 6tk, FAZER, 6 x 200g","10,98 €  9,15 €/kg "
5029,"HULGI Vaarikajogurtitäidisega kommid 4 tk, FAZER, 4 x 316 g","13,00 €  12,04 €/kg "
5030,"HULGI Must ploom California 4tk, GERMUND, 4 x 200 g","4,50 €  5,63 €/kg "
5031,"HULGI Kartulisnäkid barbequemaitselised 4tk, TAFFEL, 4 x 110 g","3,20 €  7,27 €/kg "
5032,"HULGI Juurika leivasnäkid peedi & tüümianiga 4tk, FAZER, 4 x 120 g","3,60 €  7,50 €/kg "
5033,"HULGI Premium Pähklite segu 4tk, GERMUND, 4 x 250 g","15,99 € 0,16 €/tk "
5034,"Närimikumm Blackcurrant topsis, AIRWAVES, 84 g","2,49 €  29,64 €/kg "
5035,"Närimiskumm Blackcurrant, AIRWAVES, 14 g","0,59 €  42,14 €/kg "
5036,"Närimiskumm maasikamaitseline suhkruvaba white, ORBIT, 14 g","0,59 €  42,14 €/kg "
5037,"Närimiskumm maasikamaitseline suhkruvaba topsis white, ORBIT, 84 g","2,49 €  29,64 €/kg "
5038,"Tume šokolaad, TERRAVITA, 100 g","0,79 €  7,90 €/kg "
5039,"Piimašokolaad jogurti-maasikamaitselise täidisega 50%, TERRAVITA, 100 g","0,69 €  6,90 €/kg "
5040,"Piimašokolaad mündi-laimimaitselise täidisega 50%, TERRAVITA, 100 g","0,69 €  6,90 €/kg "
5041,"Küpsis Maria, SIRO, 100 g","0,65 €  6,50 €/kg "
5042,"Cantuccini küpsised tumeda šokolaadi ja pähklitega karbis, DESEO, 200 g","4,39 €  21,95 €/l "
5043,"Wasabimaitselised riisiküpsised, MITSUBA, 100 g","2,39 €  23,90 €/kg "
5044,"Riisiküpsised meresoola ja chia seemnetega, MITSUBA, 100 g","2,39 €  23,90 €/kg "
5045,"Piimašokolaad Eesti, KALEV, 100 g","1,59 €  15,90 €/kg "
5046,"Tume šokolaad kirsi-tšilli, KALEV, 100 g","1,89 €  18,90 €/kg "
5047,"Piimašokolaad vaarika ja kakaotuumatükiga, KALEV, 100 g","1,89 €  18,90 €/kg "
5048,"Juicy Fruit Bubblegum, JUICY FRUIT, 13 g","0,49 €  37,69 €/kg "
5049,"Juicy Fruit Minis Sour, JUICY FRUIT, 28 g","1,19 €  42,50 €/kg "
5050,"Juicy Fruit Minis Fruity, JUICY FRUIT, 28 g","1,19 €  42,50 €/kg "
5051,"Orbit Refreshers Spearmint, ORBIT, 15,6 g","0,79 €  49,38 €/kg "
5052,"Orbit Refreshers Peppermint, ORBIT, 15,6 g","0,79 €  49,38 €/kg "
5053,"Kaera näkileivad Roosa Vaarikas, LINKOSUO, 120 g","2,29 €  19,08 €/kg "
5054,"Kihiline küpsis, SELVERI KÖÖK, 140 g","1,99 €  14,21 €/kg "
5055,"Vanillijäätis šokolaadiglasuuris, VANILLA NINJA, 80 g","0,79 €  9,88 €/kg "
5056,"AHHAA Popkornitükkidega jäätis suhkruvahvlis, RAKS, 74 g","0,69 €  9,32 €/kg "
5057,"Friikartul ahjus küpsetamiseks, FARM FRITES, 750 g","1,79 €  2,39 €/kg "
5058,"Kalapulgad Muumi, VICI, 250 g","0,99 €  3,96 €/kg "
5059,"Kohupiimasaiake, SELVER, 400 g","2,39 €  5,98 €/kg "
5060,"Vanilliplombiir glasuuris, VÄIKE TOM, 60 g","0,69 €  11,50 €/kg "
5061,"Külmutatud EHE mini-frikadellid, RANNAROOTSI EHE, 350 g","1,59 €  4,54 €/kg "
5062,"Külmutatud EHE pelmeenid, RANNAROOTSI, 350 g","1,59 €  4,54 €/kg "
5063,"Külmutatud pelmeenid, SELVER, 350 g","0,99 €  2,83 €/kg "
5064,"Lihapirukas 8x50g, SELVER, 400 g","2,39 €  5,98 €/kg "
5065,"Vanilliplombiir pähklitäidise ja pähkliglasuuriga, VÄIKE TOM, 60 g","0,69 €  11,50 €/kg "
5066,"Paneeritud krevetid, VICI, 170 g","1,49 €  8,76 €/kg "
5067,"Piparmündi-koorejäätis šokolaaditükkidega, VAU, 245 g","1,69 €  6,90 €/kg "
5068,"Praekartul sibulaga, HÄRMAVILI, 400 g","0,99 €  2,48 €/kg "
5069,"Pärmi-lehttaigen, SELVER, 500 g","1,39 €  2,78 €/kg "
5070,"Kalapulgad, ESVA, 250 g","1,09 €  4,36 €/kg "
5071,"Ristorante Mozzarella, DR.OETKER, 335 g","2,39 €  7,13 €/kg "
5072,"Šokolaadi-vanillimaitseline koorejäätis piimašokolaadiga, NURR, 260 g","2,09 €  8,04 €/kg "
5073,"Limonaadi-ja guanabamaitseline jäätis, LIMPA, 70 g","0,45 €  6,43 €/kg "
5074,"Ühepajatoit, HÄRMAVILI, 400 g","0,89 €  2,23 €/kg "
5075,"Vaarikad, mustikad, HÄRMAVILI, 300 g","2,99 €  9,97 €/kg "
5076,"Külmutatud friikartul sakiline, HÄRMAVILI, 750 g","2,19 €  2,92 €/kg "
5077,"Regatt vanilli koorejäätis vahvlitopsis, PREMIA, 65 g","0,79 €  12,15 €/kg "
5078,"Kaneelisaiake, EESTI PAGAR, 320 g","1,99 €  6,22 €/kg "
5079,"Jäätis mandli, MAGNUM, 86 g","1,39 €  16,16 €/kg "
5080,"Šokolaadijäätis šokolaadiglasuuris, VANILLA NINJA, 80 g","0,79 €  9,88 €/kg "
5081,"Apelsini-maasika-pirni-mango-mahlajää, MAHLAPURIKAS, 65 g","0,49 €  7,54 €/kg "
5082,"Pikksai küüslaugu võidega, EESTI PAGAR, 175 g","0,99 €  5,66 €/kg "
5083,"Hernes, mais, porgand, HÄRMAVILI, 400 g","1,19 €  2,98 €/kg "
5084,"Roheline hernes, HÄRMAVILI, 400 g","1,29 €  3,23 €/kg "
5085,"Maasikad, HÄRMAVILI, 400 g","2,29 €  5,73 €/kg "
5086,"Vanilli- ja mustikajäätis vahvlitopsis, SIPSIK, 70 g","0,79 €  11,29 €/kg "
5087,"Kirsid kivideta, HÄRMAVILI, 400 g","2,19 €  5,48 €/kg "
5088,"Croissant võiga, EESTI PAGAR, 360 g","2,69 €  7,47 €/kg "
5089,"Koorejäätis koonusvahvlis, PREMIA, 100 g","1,29 €  12,90 €/kg "
5090,"Koolijäätis, PREMIA, 60 g","0,75 €  12,50 €/kg "
5091,"Brokkoli, lillkapsas, porgand, HÄRMAVILI, 400 g","1,29 €  3,23 €/kg "
5092,"Šokolaadi koorejäätis topsis, BALBIINO, 75 g","0,69 €  9,20 €/kg "
5093,"Jäätis brikett, REGATT, 90 g","0,79 €  8,78 €/kg "
5094,"Suvine supisegu, HÄRMAVILI, 400 g","1,29 €  3,23 €/kg "
5095,"Pelmeenid Pealinna, PREMIA, 350 g","1,59 €  4,54 €/kg "
5096,"Mangosorbett, PREMIA, 73g","0,69 €  9,45 €/kg "
5097,"Külmutatud pikk uba, DUJARDIN, 450 g","1,09 €  2,42 €/kg "
5098,"Vanilli koorejäätis vahvlitopsis, BALBIINO, 75 g","0,69 €  9,20 €/kg "
5099,"Eriti Rammus šokolaadi tükkidega vanilli koorejäätis, PREMIA, 110 g","1,29 €  11,73 €/kg "
5100,"Brokkoli, HÄRMAVILI, 400 g","1,39 €  3,48 €/kg "
5101,"Frikadellid, RAKVERE LK, 400 g","1,99 €  4,98 €/kg "
5102,"Koorejäätis, REGATT, 480 g","2,89 €  6,02 €/kg "
5103,"Jäätis Vurr arbuusi-meloni-ananassi 80ml, VÄIKE TOM, 75 g","0,55 €  7,33 €/kg "
5104,"Koorejäätis koonusvahvlis šokolaadiga, PREMIA, 100 g","1,29 €  12,90 €/kg "
5105,"Köögiviljad praadimiseks Aasia maitseainetega, MAAHÄRRA, 400 g","1,59 €  3,98 €/kg "
5106,"Vaarikad, MARJAMAA TALU, 300 g","4,49 €  14,97 €/kg "
5107,"Smuutisegu Aphrodite pisarad, HÄRMAVILI, 300 g","2,39 €  7,97 €/kg "
5108,"Tume Itaalia leib Ciabatta, MANTINGA, 250 g","0,89 €  3,56 €/kg "
5109,"Šokolaadijäätis glasuuris, VÄIKE TOM, 60 g","0,69 €  11,50 €/kg "
5110,"Võiga pärmi-lehttaigen, EESTI PAGAR, 400 g","2,39 €  5,98 €/kg "
5111,"White Chocolate&Cookies, MAGNUM, 74 g","1,39 €  18,78 €/kg "
5112,"Lillkapsas, HÄRMAVILI, 400 g","1,29 €  3,23 €/kg "
5113,"Panniroog, HÄRMAVILI, 400 g","1,39 €  3,48 €/kg "
5114,"Pikksai maitserohelisega, EESTI PAGAR, 175 g","0,99 €  5,66 €/kg "
5115,"Vanillijäätis piimašokolaadiga, MAGNUM, 86 g","1,39 €  16,16 €/kg "
5116,"Jäätis Strawberry-White, MAGNUM, 90 g","1,39 €  15,44 €/kg "
5117,"Vaniljesaiake, EESTI PAGAR, 400 g","1,99 €  4,98 €/kg "
5118,"Vanilliplombiir šolaadiglasuuriga, VANA TOOMAS, 90 g","1,09 €  12,11 €/kg "
5119,"Krõbedate šokolaadipallidega jäätis suhkruvahvlis, RAKS, 73 g","0,79 €  10,82 €/kg "
5120,"Pärmi-lehttaigen (rullis), HÄRMAVILI, 500 g","1,49 €  2,98 €/kg "
5121,"Bataadi friikartulid, kuldselt krõbe, MAAHÄRRA, 500 g","3,49 €  6,98 €/kg "
5122,"Vanilliplombiir, ONU ESKIMO, 480 g","3,79 €  7,90 €/kg "
5123,"Hakitud spinati portsjonid, HÄRMAVILI, 300 g","0,89 €  2,97 €/kg "
5124,"Minipelmeenid Pealinna, PREMIA, 350 g","1,69 €  4,83 €/kg "
5125,"Aeduba, HÄRMAVILI, 400 g","1,29 €  3,23 €/kg "
5126,"Maasikad, MARJAMAA TALU, 350 g","3,99 €  11,40 €/kg "
5127,"Mustikasorbett, PREMIA, 73 g","0,69 €  9,45 €/kg "
5128,"Eriti Rammus mustikatäidisega koorejäätis, PREMIA, 110 g","1,29 €  11,73 €/kg "
5129,"Pavlova koogi koonusjäätis, PREMIA, 75 g","0,99 €  13,20 €/kg "
5130,"Šokolaadi-banaanisorbett, SMUUTIKE, 60 g","0,59 €  9,83 €/kg "
5131,"Mustsõstar, MARJAMAA TALU, 400 g","2,79 €  6,98 €/kg "
5132,"Pajaroog, HÄRMAVILI, 400 g","1,29 €  3,23 €/kg "
5133,"Praadimissegu, HÄRMAVILI, 400 g","1,39 €  3,48 €/kg "
5134,"Mandli-koorejäätis šokolaadikreemi ja india pähklitega, MAIUSPALA, 60 g","1,39 €  23,17 €/kg "
5135,"Pelmeenid Hiina, UVIC, 400 g","2,49 €  6,23 €/kg "
5136,"Koorejäätis vanilli, SELVER, 500 g","2,19 €  4,38 €/kg "
5137,"Saaremaa pelmeenid, SAAREMAA LT, 600 g","3,39 €  5,65 €/kg "
5138,"Pelmeenid kanaliha ja seentega Gyoza, Vici, 400 g","2,49 €  6,23 €/kg "
5139,"Iirisetäidisega jäätis suhkruvahvlis, RAKS, 73 g","0,79 €  10,82 €/kg "
5140,"Saiake õuna-iirise, EESTI PAGAR, 360 g","2,39 €  6,64 €/kg "
5141,"Mini-frikadellid Pealinna, PREMIA, 350 g","1,89 €  5,40 €/kg "
5142,"Hiina pelmeenid, UVIC, 1 kg","5,99 €  5,99 €/kg "
5143,"Köögiviljad praadimiseks, MAAHÄRRA, 400 g","1,59 €  3,98 €/kg "
5144,"Külmutatud mini-pelmeenid, RANNAROOTSI, 700 g","2,89 €  4,13 €/kg "
5145,"Kalapulgad Silver, ESVA, 250 g","1,59 €  6,36 €/kg "
5146,"Premia vaarika-brownie koorejäätis, PREMIA, 270 g","2,59 €  9,59 €/kg "
5147,"Kookose pulgajäätis, VÄIKE TOM, 64 g","0,69 €  10,78 €/kg "
5148,"Tutti-Frutti puuviljamaitseline jäätis, BALBIINO, 48 g","0,69 €  14,38 €/kg "
5149,"Pärmi-lehttaigen (lapik), HÄRMAVILI, 500 g","1,49 €  2,98 €/kg "
5150,"Mehhiko segu, MAAHÄRRA, 400 g","1,49 €  3,73 €/kg "
5151,"Sirge ja krõbe friikartul Kullakesed, HÄRMAVILI, 600 g","2,09 €  3,48 €/kg "
5152,"Šokolaadi-koorejäätis šokolaaditükkidega vahvlikoonuses EV 1, ONU ESKIMO, 200ml","1,39 €  13,90 €/kg "
5153,"Vanilli koorejäätis glasuuris, SELVER, 50 g","0,45 €  9,00 €/kg "
5154,"Mandli-koorejäätis šokolaadikreemi ja india pähklitega, MAIUSPALA, 270 g","3,19 €  11,81 €/kg "
5155,"Vanilli-koorejäätis šokolaaditükkidega, ONU ESKIMO, 110 g","1,39 €  12,64 €/kg "
5156,"Õuna-pohlasaiake, EESTI PAGAR, 360 g","2,69 €  7,47 €/kg "
5157,Jääkuubikud (kokteilijää) 1 kg,"1,09 €  1,09 €/kg "
5158,"Kartulisektor küüslauguga, AVIKO, 600 g","1,79 €  2,98 €/kg "
5159,"Viineripirukas, EESTI PAGAR, 360 g","2,69 €  7,47 €/kg "
5160,"Jäätis Creme brülee, SUPER VIVA, 104g","1,19 €  11,44 €/kg "
5161,"Karamellimaitseline koorejäätis pähklitäidisega, kakaoglasuuriga kaetud vahvlitops, SUPER VIVA, 113 g","0,99 €  10,21 €/kg "
5162,"Pelmeenid, RAKVERE LK, 900 g","3,39 €  3,77 €/kg "
5163,"Praekartul, MAAHÄRRA, 500 g","1,39 €  2,78 €/kg "
5164,"Vaarikasaiake võiga, EESTI PAGAR, 320 g","2,79 €  8,72 €/kg "
5165,"Metsamustikad, MARJAMAA TALU, 400 g","6,29 €  15,73 €/kg "
5166,"Vanilli-koorejäätis šokolaaditükkidega, VAU, 245 g","2,09 €  8,53 €/kg "
5167,"Friikartul sakiline, MAAHÄRRA, 750 g","1,99 €  2,65 €/kg "
5168,"Juusturull, EESTI PAGAR, 400 g","2,69 €  6,73 €/kg "
5169,"Itaaliapäraste vürtsidega köögiviljad praadimiseks, MAAHÄRRA, 400 g","1,59 €  3,98 €/kg "
5170,"Kanafileepelmeenid, RAKVERE, 400 g","1,89 €  4,73 €/kg "
5171,"Martsipani koorejäätis, PREMIA, 270 g","2,59 €  9,59 €/kg "
5172,"Külmutatud hinkaalid, VICI, 400 g","2,49 €  6,23 €/kg "
5173,"Viineripirukas sinepi-kurgitäidisega, EESTI PAGAR, 390 g","2,79 €  7,15 €/kg "
5174,"Aedviljasegu, HÄRMAVILI, 400 g","1,39 €  3,48 €/kg "
5175,"Vanilli koorejäätis, PREMIA, 480 g","3,49 €  7,27 €/kg "
5176,"Vanilli- ja šokolaadi-koorejäätis, NURR, 90 g","1,29 €  14,33 €/kg "
5177,"Šokolaadi-koorejäätis šokolaaditükkidega, ONU ESKIMO, 480 g","3,79 €  7,90 €/kg "
5178,"Ristorante Prosciutto, DR.OETKER, 330 g","2,99 €  9,06 €/kg "
5179,"Stracciatella koorejäätis, PREMIA, 480 g","2,99 €  6,23 €/kg "
5180,"Kiviahjupizza Superiore for Meat Lovers, GRANDIOSA, 350 g","2,99 €  8,54 €/kg "
5181,"Koorejäätis glasuuris 6x60ml, BALBIINO, 210 g","2,99 €  14,24 €/kg "
5182,"Paneeritud juust Pealinna, PREMIA, 200 g","2,29 €  11,45 €/kg "
5183,"Toffee jäätis, CHOICE, 100 g","1,39 €  13,90 €/kg "
5184,"FIT köögiviljasegu, MAAHÄRRA, 400 g","0,99 €  2,48 €/kg "
5185,"Marjasegu, MARJAMAA TALU, 350 g","3,99 €  11,40 €/kg "
5186,"Vanilli-koorejäätis, BALBIINO, 57 g","0,69 €  12,11 €/kg "
5187,"Jääkuubikud (kokteilijää), BALBIINO, 500 g","0,79 €  1,58 €/kg "
5188,"Pelmeenid vürtsikate köögiviljadega Gyoza, VICI, 400 g","2,19 €  5,48 €/kg "
5189,"Frikadellid Balti, PREMIA, 350 g","1,89 €  5,40 €/kg "
5190,"Kooritud krevetid 500+, MARINE, 160 g","4,69 €  29,31 €/kg "
5191,"Lehttaigen, SELVER, 500 g","1,59 €  3,18 €/kg "
5192,"Pelmeenid kana, juustu ja puravikega Modern style, VICI, 400 g","2,89 €  7,23 €/kg "
5193,"Mangosorbett, SMUUTIKE, 55 g","0,69 €  12,55 €/kg "
5194,"Peekoni-munapirukas, EESTI PAGAR, 390 g","2,79 €  7,15 €/kg "
5195,"Rakvere pihvid, RAKVERE LK, 530 g","3,69 €  6,96 €/kg "
5196,"Šokolaadijäätis kirsitükkidega šokolaadiglasuuris, CLASSIC, 60 g","1,39 €  23,17 €/kg "
5197,"Vanilli-koorejäätis, VAU, 240 g","2,09 €  8,71 €/kg "
5198,"Singi-juustupirukas, EESTI PAGAR, 360 g","2,79 €  7,75 €/kg "
5199,"Kartuli-sibulasegu, MAAHÄRRA, 1 kg","2,39 €  2,39 €/kg "
5200,"Minipelmeenid Pealinna, PREMIA, 700 g","3,19 €  4,56 €/kg "
5201,"Šokolaadi koorejäätis, BALBIINO, 57 g","0,69 €  12,11 €/kg "
5202,"Vähendatud suhkruga laktoosivaba šokolaadi-koorejäätis, BALBIINO, 45 g","0,69 €  15,33 €/kg "
5203,"Mustika-vaarika koorejäätis vahvlikoonuses, ONU ESKIMO, 110 g","1,39 €  12,64 €/kg "
5204,"Vanillikoorejäätis 15%, PREMIA, 480 g","3,39 €  7,06 €/kg "
5205,"Kiviahjupizza Hawaii, GRANDIOSA, 350 g","2,99 €  8,54 €/kg "
5206,"Kalaburgerid, ESVA, 250 g","1,39 €  5,56 €/kg "
5207,"Pelmeen suitsulihaga täisterajahust, RAKVERE LK, 400 g","1,79 €  4,48 €/kg "
5208,"Pelmeenid rohke lihaga, MAAHÄRRA, 350 g","1,39 €  3,97 €/kg "
5209,"Ristorante Hawaii, DR.OETKER, 355 g","2,99 €  8,42 €/kg "
5210,"Koorejäätis vahvlitopsis mango-passioni, PREMIA, 75 g","0,79 €  10,53 €/kg "
5211,"Šokolaadi-koorejäätis, VAU, 240 g","2,09 €  8,71 €/kg "
5212,"Kala-juurviljaburger, ESVA, 375 g","1,79 €  4,90 €/kg "
5213,"Kalapulgad Smart Choice, VICI, 250 g","0,69 €  2,76 €/kg "
5214,"Šokolaadijäätis, VANA TOOMAS, 90 g","1,09 €  12,11 €/kg "
5215,"Suur singi-juustu pitsa tomatikastm., PREMIA, 330 g","2,59 €  7,85 €/kg "
5216,"Külmutatud EHE mini-pelmeenid, RANNAROOTSI EHE, 350 g","2,09 €  5,97 €/kg "
5217,"Smuutisegu Heraklese vägi, HÄRMAVILI, 300 g","2,49 €  8,30 €/kg "
5218,"Pelmeenid lihaga Gyoza, VICI 400 g","2,19 €  5,48 €/kg "
5219,"Brüsselikapsas, DUJARDIN, 450 g","0,99 €  2,20 €/kg "
5220,"Marja-ja puuviljasegu, IGLOTEX, 450 g","1,89 €  4,20 €/kg "
5221,"Delikatess broilerisüda, TALLEGG, 400 g","2,29 €  5,73 €/kg "
5222,"Laste pelmeenid Pealinna, PREMIA, 350 g","1,69 €  4,83 €/kg "
5223,"Lumemarja Kaneelijäätis jõhvikalisandi ja Kreeka pähklitega, CLASSIC, 390 g","4,79 €  12,28 €/kg "
5224,"ME-3 Aprikoosi-mee-jogurtijäätis, BALBIINO, 55 g","1,09 €  19,82 €/kg "
5225,"Mango-meloni koorejäätis, PREMIA, 480 g","2,99 €  6,23 €/kg "
5226,"Vähendatud suhkruga laktoosivaba šokolaadi-koorejäätis, BALBIINO, 250 g","2,29 €  9,16 €/kg "
5227,"Astelpajumarjad, MARJAMAA TALU, 400 g","4,99 €  12,48 €/kg "
5228,"Magus muretaigen, EESTI PAGAR, 500 g","1,79 €  3,58 €/kg "
5229,"Ristorante Speciale, DR.OETKER, 330 g","2,99 €  9,06 €/kg "
5230,"Pelmeenid bolognese, RAKVERE LK, 400 g","1,99 €  4,98 €/kg "
5231,"Karamelli-vanilli koorejäätis pohlamoosiga, PREMIA, 480 g","2,99 €  6,23 €/kg "
5232,"Pitsa rebitud sealihaga Party, VICI, 350 g","2,29 €  6,54 €/kg "
5233,"Friikartul sirge 10 mm, FANTASY, 1 kg","1,99 €  1,99 €/kg "
5234,"Ristorante 4 Juustu pitsa, DR.OETKER, 340 g","2,99 €  8,79 €/kg "
5235,"Kohvi-koorejäätis „Vana Tallinn“ likööriga tumedas Belgia šokolaadis, VANA TALLINN, 64 g","1,39 €  21,72 €/kg "
5236,"Mini Multipakk Almond 6x55ml, MAGNUM, 276 g","4,99 €  18,08 €/kg "
5237,"Pealinna kodused kotletid, PREMIA, 350 g","1,79 €  5,11 €/kg "
5238,"Pelmeenid lõhe ja juustuga Gyoza, VICI, 400 g","2,49 €  6,23 €/kg "
5239,"Pitsataigen, EESTI PAGAR, 600 g","1,29 €  2,15 €/kg "
5240,"Külm. friikartul sakiline, FARM FRITES, 450 g","1,59 €  3,53 €/kg "
5241,"Šokolaadikoorejäätis 15%, PREMIA, 480 g","3,39 €  7,06 €/kg "
5242,"Paneeritud krabisõrad surimi, VICI, 250 g","1,99 €  7,96 €/kg "
5243,"Kalapulgad, ESVA, 400 g","1,99 €  4,98 €/kg "
5244,"Caesari salat (porgand, brokoli, lillkapsas), FELCO, 400 g","1,19 €  2,98 €/kg "
5245,"Hakkliha Kodune, RAKVERE LK, 450 g","2,99 €  6,64 €/kg "
5246,"Pelmeenid veiselihaga Traditional style, VICI, 400 g","2,89 €  7,23 €/kg "
5247,"Kalafileepulgad Panko paneeringus, VICI, 285 g","2,79 €  9,79 €/kg "
5248,"Suur nelja-juustu pitsa tomatikastm., PREMIA, 340 g","2,59 €  7,62 €/kg "
5249,"Pitsapõhjad, VICI, 320 g","1,29 €  4,03 €/kg "
5250,"Smuutisegu Artemise vibu, HÄRMAVILI, 300 g","1,99 €  6,63 €/kg "
5251,"Pelmeenid seentega Gyoza, Vici, 400 g","2,49 €  6,23 €/kg "
5252,"Pistaatsiajäätis mandlikrokandiga, CLASSIC, 380 g","5,09 €  13,39 €/kg "
5253,"Külmutatud frikadellid, RANNAROOTSI, 350 g","1,89 €  5,40 €/kg "
5254,"Mustsõstrakreemiga jäätis suhkruvahvlis, RAKS, 77 g","0,99 €  12,86 €/kg "
5255,"Paneeritud kalafileepalad, ESVA, 400 g","3,79 €  9,48 €/kg "
5256,"Friikartul zig zag, AVIKO, 750 g","2,29 €  3,05 €/kg "
5257,"Kiviahjupizza BBQ chicken, GRANDIOSA, 310 g","2,99 €  9,65 €/kg "
5258,"Karamelli-koorejäätis kukekommitükkidega vahvlikoonuses EV, ONU ESKIMO, 100g","1,39 €  13,90 €/kg "
5259,"Vanilje-rosinarull võiga, EESTI PAGAR, 400 g","2,59 €  6,48 €/kg "
5260,"Suur hakkliha-juustu pitsa tomatikastm., PREMIA, 375 g","2,59 €  6,91 €/kg "
5261,"Suur kana-juustu pitsa tomatikastm., PREMIA, 355 g","2,59 €  7,30 €/kg "
5262,"Premia -40% koorejäätis mango-passionviljalisandiga, PREMIA, 480 g","3,79 €  7,90 €/kg "
5263,"Tiigerkrevetid 16/20 300g, VICI, 240 g neto","8,49 €  35,38 €/kg "
5264,"Hortex mexico segu, HORTEX, 400 g","1,19 €  2,98 €/kg "
5265,"Paneeritud kala (hakitud filee), VICI, 800 g","4,69 €  5,86 €/kg "
5266,"Pärmitaigen, HÄRMAVILI, 700 g","1,69 €  2,41 €/kg "
5267,"Koorejäätis õuna-marmelaaditükkidega vahvlikoonuses, ONU ESKIMO, 100 g","1,39 €  13,90 €/kg "
5268,"Pühapäevapada, MAAHÄRRA, 400 g","1,29 €  3,23 €/kg "
5269,"Kultuurmustikas, MARJAMAA TALU, 400 g","5,99 €  14,98 €/kg "
5270,"Tursafilee portsjonid nahata 550 g, VICI, 500 g neto","7,79 €  15,58 €/kg "
5271,"Pitsarull, EESTI PAGAR, 400 g","2,59 €  6,48 €/kg "
5272,"Miniporgand, HÄRMAVILI, 400 g","1,29 €  3,23 €/kg "
5273,"Browniejäätis, LA MUU, 400 g","6,59 €  16,48 €/kg "
5274,"Külmutatud brokoli, BONDUELLE, 400 g","1,49 €  3,73 €/kg "
5275,"Koorejäätis vahvlitopsis Lumehelbeke, PREMIA, 70 g","0,79 €  11,29 €/kg "
5276,"Tiigerkrevetid puhastatud 31/40, SEAFOOD, 320 g","8,99 €  28,09 €/kg "
5277,"Karamelli-koorejäätis kukekommitükkidega, ONU ESKIMO, 390 g","3,99 €  10,23 €/kg "
5278,"Vanilli-šokolaadi koorejäätis vahvlikoonuses, ONU ESKIMO, 102 g","1,39 €  13,63 €/kg "
5279,"Soolakaramelli-küpsisejäätis, CLASSIC, 250 g","3,19 €  12,76 €/kg "
5280,"Pangaasiusefilee nahata 620g, COLUMBUS, 560 g neto","3,29 €  5,88 €/kg "
5281,"Mintai filee nahata 500 g, KAPTEN GRANT, 400 g neto","2,99 €  7,48 €/kg "
5282,"Kondenspiima jäätis, LA MUU, 400 g","6,59 €  16,48 €/kg "
5283,"Maahärra seenesegu, MAAHÄRRA, 400 g","1,99 €  4,98 €/kg "
5284,"Sojaoad, DIAMOND, 500 g","2,59 €  5,18 €/kg "
5285,"Külmutatud klassikalised pelmeenid, RANNAROOTSI, 350 g","1,59 €  4,54 €/kg "
5286,"Külmutatud kiirpada, MAAHÄRRA, 400 g","1,39 €  3,48 €/kg "
5287,"Ristorante Salaami gluteenivaba pitsa, DR.OETKER, 315 g","3,99 €  12,67 €/kg "
5288,"Piparmündi-Stracciatella, MAHE, LA MUU, 400 g","6,59 €  16,48 €/kg "
5289,"Sügavkülmutatud suvikõrvitsapüree kuubikud, BABYCOOL, 200 g","3,99 €  19,95 €/kg "
5290,"Suitsukanapirukas murulauguga, EESTI PAGAR, 360 g","2,79 €  7,75 €/kg "
5291,"Julienne metsaseened, HORTEX, 400 g","2,49 €  6,23 €/kg "
5292,"Vanilli pulgajäätis vahvlitükkidega, ERITI RAMMUS, 85 g","1,19 €  14,00 €/kg "
5293,"Purustatud linnuluud, TALLEGG, 1500 g","1,19 €  0,79 €/kg "
5294,"Sibularõngad, SALUD, 450 g","2,39 €  5,31 €/kg "
5295,"Paneeritud kalafileepalad, ESVA, 285 g","2,39 €  8,39 €/kg "
5296,"Vaarika-proseccosorbett, LA MUU, 400 g","6,59 €  16,48 €/kg "
5297,"Külmutatud friikartul sakiline, FARM FRITES, 1.5 kg","4,49 €  2,99 €/kg "
5298,"Kodused frikadellid, SAAREMAA LT, 350 g","2,19 €  6,26 €/kg "
5299,"Meresoola-Karamellijäätis, LA MUU, 400 g","6,59 €  16,48 €/kg "
5300,"Eriti Rammus Karamelli, ERITI RAMMUS, 480 g","3,39 €  7,06 €/kg "
5301,"Külmutatud Tortelliinid lihaga, VICI, 1 kg","2,39 €  2,39 €/kg "
5302,"Sügavkülmutatud veiselihapüree kuubikud 200g, BABYCOOL,","7,99 €  39,95 €/kg "
5303,"Lõhefilee portsionid, AVEKTRA, 250 g","6,99 €  27,96 €/kg "
5304,"Pelmeenid Hiina lambalihaga, UVIC, 400 g","2,59 €  6,48 €/kg "
5305,"Jõhvikad, MARJAMAA TALU, 400 g","5,69 €  14,23 €/kg "
5306,"Pirni pulgajäätis, CHOICE, 67 g","1,39 €  20,75 €/kg "
5307,"Kartuli pannkoogid sibulaga, FARM FRITES, 540 g","1,99 €  3,69 €/kg "
5308,"Paneeritud kalafileepalad seemnetega, ESVA, 400 g","4,29 €  10,73 €/kg "
5309,"Vareenikud Ivan kartuli-seene, UVIC, 500 g","2,59 €  5,18 €/kg "
5310,"Kartulikotlet sibulaga, FARM FRITES, 450 g","1,99 €  4,42 €/kg "
5311,"Kartulipannkoogid Rosti, külmutatud, AVIKO, 750 g","2,49 €  3,32 €/kg "
5312,"Toorjuustu jalapenod dipikastmega, FROSTKRONE, 250 g","3,99 €  15,96 €/kg "
5313,"Soolakaramellimaitseline jäätis koogitükkidega, BREYERS, 251 g","4,99 €  19,88 €/kg "
5314,"Kooritud krevetid 250/350, MARINE, 400 g","12,99 €  32,48 €/kg "
5315,"Külmutatud raguu, RAKVERE LK, 1,3 kg","1,99 €  1,53 €/kg "
5316,"Kohvijäätis „Vana Tallinna“ likööri ja šokolaaditükkidega, VANA TALLINN, 380 g","5,19 €  13,66 €/kg "
5317,"Koorejäätis šokolaaditükkidega, BALBIINO, 2,250 kg","11,99 €  5,33 €/kg "
5318,"Šokolaadi- ja vanillijäätis brownie (8 %) ja küpsisetaigna tükkidega (10 %), BEN&JERRY´S, 406 g","6,99 €  17,22 €/kg "
5319,"Pähklikreemi-vahvlijäätis, CLASSIC, 250 g","3,19 €  12,76 €/kg "
5320,"Croissant šokolaadiga 8tk, MANTINGA, 360 g","2,99 €  8,31 €/kg "
5321,"Banaani pulgajäätis vahvlitükkidega, ERITI RAMMUS, 85 g","1,19 €  14,00 €/kg "
5322,"Kukeseen külmutatud, EESTI AND, 300 g","4,19 €  13,97 €/kg "
5323,"Hiidkrevetisabad kooritud keedetud, KAPTEN GRANT, 320 g neto","9,39 €  29,34 €/kg "
5324,"Köögiviljad praadimiseks broccol, BONDUELLE, 400 g","1,39 €  3,48 €/kg "
5325,"Sügavkülmutatud pirnipüree kuubikud, BABYCOOL, 200 g","3,99 €  19,95 €/kg "
5326,"Külmutatud liivataignaküpsis mustsõstramoosiga, RÕNGU PAGAR, 300 g","2,29 €  7,63 €/kg "
5327,"Calzone salaami, kana, mozzarella, seentega, VICI, 400 g","2,99 €  7,48 €/kg "
5328,"Metsmaasikajäätis maasikatükkidega, CLASSIC, 380 g","5,09 €  13,39 €/kg "
5329,"Marine segu Frutti di Mare, MARINE, 150 g","3,19 €  21,27 €/kg "
5330,"California Mix, BONDUELLE, 400 g","1,69 €  4,23 €/kg "
5331,"Paneeritud kalafileepalad Hot & Spicy, ESVA, 400 g","4,29 €  10,73 €/kg "
5332,"Singipitsa, HÄRMAVILI, 320 g","2,89 €  9,03 €/kg "
5333,"Porgandikuubikud, IGLOTEX, 450 g","0,89 €  1,98 €/kg "
5334,"Rannarootsi hinkaalid, RANNAROOTSI, 420 g","2,29 €  5,45 €/kg "
5335,"Pistaatsiajäätis, LA MUU, 400 g","8,99 €  22,48 €/kg "
5336,"Pelmeenid sealihaga Traditional style, VICI, 400 g","2,49 €  6,23 €/kg "
5337,"Laktoosivaba koorejäätis, BALBIINO, 480 g","3,99 €  8,31 €/kg "
5338,"Piparmündijäätis piparmündi-šokolaadikreemi ja šokolaaditükkidega, CLASSIC, 380 g","5,09 €  13,39 €/kg "
5339,"Köögiviljad praadimiseks kartuli, BONDUELLE, 400 g","1,39 €  3,48 €/kg "
5340,"Pelmeenid, SIBIRSKIE, 400 g","2,39 €  5,98 €/kg "
5341,"Pelmeenid lihaga Uralskie Pelmeni, VICI, 1 kg","2,39 €  2,39 €/kg "
5342,"Soolakaramellijäätis karamellikastmega, MAGNUM, 74 g","1,39 €  18,78 €/kg "
5343,"Paneeritud kalafileepalad täisterapaneeringuga, ESVA, 400 g","4,29 €  10,73 €/kg "
5344,"Falafel, MARTA KULINAARIA, 350 g","3,99 €  11,40 €/kg "
5345,"Calzone salaami, mozzarella, seentega, 400g, VICI","2,99 €  7,48 €/kg "
5346,"Külmutatud räim, SAARE FISHEXPORT, 1 kg","1,79 €  1,79 €/kg "
5347,"Maksikrevetid kooreta, sabaga, eelkeedetud, VICI, 240 g","7,99 €  33,29 €/kg "
5348,"Koorejäätis šokolaadikreemiga, VANILLA NINJA, 480 g","3,79 €  7,90 €/kg "
5349,"Kartulilõigud koorega, FARM FRITES, 750 g","1,99 €  3,32 €/kg "
5350,"Toortoit koertele, RAX, 400 g","1,49 €  3,73 €/kg "
5351,"Koorejäätis vanilli, BALBIINO, 2,250 kg","11,99 €  5,33 €/kg "
5352,"Kevadrullid köögiviljadega, , 900 g","5,59 €  6,21 €/kg "
5353,"Koorejäätis, VANILLA NINJA, 480 g","3,79 €  7,90 €/kg "
5354,"Punase apelsini sorbett, Mahe, LA MUU, 400 g","6,59 €  16,48 €/kg "
5355,"Vaikse ookeani mintai, külmutatud, glasuuritud 700 g, VICI, 560 g neto","3,79 €  6,77 €/kg "
5356,"Šokolaadi-koorejäätis, VANILLA NINJA, 480 g","3,79 €  7,90 €/kg "
5357,"Gouda rõngad, FROSTKRONE, 250 g","3,39 €  13,56 €/kg "
5358,"Ebaküdoonia-koorejäätis, ONU ESKIMO, 390 g","3,99 €  10,23 €/kg "
5359,"Puravik külmutatud, EESTI AND, 300 g","3,99 €  13,30 €/kg "
5360,"Felco Praesegu seentega 400g, FELCO","0,99 €  2,48 €/kg "
5361,"Pelmeenid köögiviljadega Gyoza, VICI, 400 g","2,19 €  5,48 €/kg "
5362,"Krevett koorimata 90/120, MARINE, 360g","4,99 €  13,86 €/kg "
5363,"Rannakarbiliha 300-500, R SEAFOOD, 180 g","2,29 €  12,72 €/kg "
5364,"Filotaigen, KANAKI, 250 g","2,99 €  11,96 €/kg "
5365,"Maasika toormoos, MARJAMAA TALU, 300 g","3,29 €  10,97 €/kg "
5366,"Panang karri kana ja jasmiiniriisiga, KITCHEN JOY, 350 g","3,99 €  11,40 €/kg "
5367,"Maasika - kohupiima jäätis, LA MUU, 400 g","6,59 €  16,48 €/kg "
5368,"Oa-peedikotlet, MARTA KULINAARIA, 400 g","4,29 €  10,73 €/kg "
5369,"Jäätis After Eight, NESTLÉ, 370 g","3,49 €  9,43 €/kg "
5370,"Sügavkülmutatud porgandipüree kuubikud, BABYCOOL, 200 g","3,29 €  16,45 €/kg "
5371,"Sügavkülmutatud õuna-mustikapüree kuubikud, BABYCOOL, 200 g","3,99 €  19,95 €/kg "
5372,"Vanillijäätis soolakaramellikeeru, brownie tükkide, šokolaaditükkide ja šokolaadikattega, BEN&JERRY´S, 403 g","5,99 €  14,86 €/kg "
5373,"Hortex presidendi supp, HORTEX, 450 g","0,99 €  2,20 €/kg "
5374,"Maasikatoormoos mustikatega, MARJAMAA TALU, 300 g","2,39 €  7,97 €/kg "
5375,"Kevadrullid kanafileega, DALOON, 600 g","4,99 €  8,32 €/kg "
5376,"Milka mini koonus jäätis, NESTLE, 141 g","3,49 €  24,75 €/kg "
5377,"Tursk taignas, ROYAL GREENAND, 225 g","4,19 €  18,62 €/kg "
5378,"Kooritud krevetid 250/350, VIKING, 200 g","5,59 €  34,94 €/kg "
5379,"Juustupallid, MARTA KULINAARIA, 300 g","4,99 €  16,63 €/kg "
5380,"Pitsa Vulcano hakkliha ja jalopenoga Go4, VICI, 335 g","1,99 €  5,94 €/kg "
5381,"Magushapu kana jasmiiniriisiga, KITCHEN JOY, 350 g","3,99 €  11,40 €/kg "
5382,"Külmutatud kartuliroog Ateena, AVIKO, 450 g","4,49 €  9,98 €/kg "
5383,"Kalmaarirõngad taignas, ISLAMAR, 500g","4,89 €  9,78 €/kg "
5384,"Daim jäätise pulk, NESTLE, 71 g","1,69 €  23,80 €/kg "
5385,"Focaccia 4 juustu täidisega, MANTINGA, 260 g","1,99 €  7,65 €/kg "
5386,"Croissant vaarika täidisega 8tk, MANTINGA, 360 g","2,99 €  8,31 €/l "
5387,"Külmutatud kartuliroog Hollandi, AVIKO, 450 g","2,59 €  5,76 €/kg "
5388,"Kikerherne-kapsakotletid, MARTA KULINAARIA, 400 g","3,49 €  8,73 €/kg "
5389,"Hakklihapitsa, HÄRMAVILI, 310 g","2,89 €  9,32 €/kg "
5390,"Focaccia singi ja juustu täidisega, MANTINGA, 270 g","1,99 €  7,37 €/kg "
5391,"Mereandide kokteil külmutatud, 900g, VICI","9,99 €  11,10 €/kg "
5392,"Tuunikala steik nahata luudeta, SEAFOOD, 320 g","7,79 €  24,34 €/kg "
5393,"Tursa tükid, FERRER SEAFOOD, 310 g","7,99 €  29,59 €/kg "
5394,"Maahärra paprikalõigud (kolm värvi), MAAHÄRRA, 400 g","1,29 €  3,23 €/kg "
5395,"Sume Green, SUME, 250 g","2,59 €  10,36 €/kg "
5396,"Koorimata toored hiidkrevetisabad Vannamei 21/25 300 g, MARINE, 240 g neto","7,99 €  33,29 €/kg "
5397,"Sinikarbid koorega, NORDIC SEAFOOD, 1 kg","6,99 €  6,99 €/kg "
5398,"Kooritud hiidkreveti sabad Vannamei 31/40 300 g, MARINE, 240 g neto","8,99 €  37,46 €/kg "
5399,"Stracciatella jäätis, LUMI KÄSITÖÖJÄÄTIS, 250 g","4,99 €  19,96 €/kg "
5400,"Golden River Noisett, LUTOSA, 1 kg","3,39 €  3,39 €/kg "
5401,"Vaarika-mustsõstra toormoos, MARJAMAA TALU, 300 g","2,49 €  8,30 €/kg "
5402,"Itaalia Mix, BONDUELLE, 400 g","1,69 €  4,23 €/kg "
5403,"Koorimata krevett 50/70, MARINE, 320 g","7,69 €  24,03 €/kg "
5404,"Külmutatud kartuliroog Brüssel, AVIKO, 450 g","3,99 €  8,87 €/kg "
5405,"Piimavaba karamellijäätis küpsisekeerdude, küpsisetaigna ja šokolaaditükkidega, BEN&JERRY´S, 406 g","6,99 €  17,22 €/kg "
5406,"Krevett koorimata 70/90, MARINE, 400g","5,99 €  14,98 €/kg "
5407,"Ahvenafilee nahaga, RANNAPUURA, 360 g","7,49 €  20,81 €/kg "
5408,"Vähk veini marinaadis, ALFOCAN, 500 g","3,99 €  7,98 €/kg "
5409,"Belgia Šokolaadijäätis Belgia šokolaadi täidise ja šokolaaditükkidega, DADU, 245 g","3,99 €  16,29 €/kg "
5410,"Hortex seenesupp, HORTEX, 450 g","2,09 €  4,64 €/kg "
5411,"Külmutatud rääbisefilee, RANNAPUURA, 200 g","3,49 €  17,45 €/kg "
5412,"RAKS Koorejäätis küpsistega, RAKS, 56 g","0,89 €  15,89 €/kg "
5413,"Hot dogi pizza mozzarella ja cheddari juustuga, RANNAROOTSI, 531 g","4,59 €  8,64 €/kg "
5414,"Hot dogi pizza salaamiga, RANNAROOTSI, 551 g","4,59 €  8,33 €/kg "
5415,"Sügavkülmutatud pastinaagipüree kuubikud, BABYCOOL, 200 g","4,99 €  24,95 €/kg "
5416,"Vanilli-koorejäätis vähend. suhkr.,47%, PREMIA, 240 g","2,09 €  8,71 €/kg "
5417,"Küpsisejäätis Hele, VÄIKE TOM, 75 g","0,95 €  12,67 €/kg "
5418,"Kukkel 5x80g, MOILAS, 400 g","5,99 €  14,98 €/kg "
5419,"Ristorante Piccolissima 3 juustu pitsa, DR. OETKER, 216 g","3,59 €  16,62 €/kg "
5420,"Sume Sunrise, SUME, 250 g","2,59 €  10,36 €/kg "
5421,"Pitsapõhi 2x130g, MOILAS, 260 g","4,99 €  19,19 €/kg "
5422,"Nublik vanilli-koorejäätis karamellitäidisega, PREMIA, 64 g","0,75 €  11,72 €/kg "
5423,"Pannkoogid mini, VICI, 480 g","2,49 €  5,19 €/kg "
5424,"Pannkoogid, VICI, 500 g","1,99 €  3,98 €/kg "
5425,"Pähklijäätis vahvlitükkidega piimašokolaadiglasuuris, CLASSIC, 60 g","1,39 €  23,17 €/kg "
5426,"Pistaatsiajäätis mandlilaastudega, CLASSIC, 64 g","1,39 €  21,72 €/kg "
5427,"Mooni-martsipanirull, EESTI PAGAR, 320 g","2,09 €  6,53 €/kg "
5428,"Tursafilee, paneeritud, ROYAL GREENLAND, 360 g","5,79 €  16,08 €/kg "
5429,"Lest, paneeritud, 2tk, ROYAL GREENLAND, 230 g","5,19 €  22,57 €/kg "
5430,"Hiidkrevetid (koorimata, peata) 13/26, VICI, 400 g","9,99 €  24,98 €/kg "
5431,"Gratään kartuli, koore ja emmentaliga, NORDIC SEAFOOD, 360 g","3,19 €  8,86 €/kg "
5432,"Chilli juustu nuggetid, SALUD, 250 g","3,49 €  13,96 €/kg "
5433,"Vanilli-koorejäätis, MAHE, LA MUU, 500 g","5,69 €  11,38 €/kg "
5434,"Apelsini-mandli koorejäätis, PREMIA, 480 g","3,79 €  7,90 €/kg "
5435,"Vaikse ookeani merluusifilee nahata, VICI, 800 g","5,69 €  7,11 €/kg "
5436,"Pähkli batoonijäätis, PREMIA, 48 g","0,69 €  14,38 €/kg "
5437,"-40% koorejäätis murelimoosiga, PREMIA, 480 g","3,79 €  7,90 €/kg "
5438,"Olde Hansa jäätis, PREMIA, 480 g","3,99 €  8,31 €/kg "
5439,"Pelmeenid kanalihaga, PEALINNA, 350 g","1,99 €  5,69 €/kg "
5440,"Rikkalik köögiviljasegu läätsedega, HÄRMAVILI, 400 g","1,79 €  4,48 €/kg "
5441,"Maahärra lillkapsas ja brokoli, MAAHÄRRA, 400 g","1,19 €  2,98 €/kg "
5442,"Kalkuni-seene pelmeenid, PEALINNA, 350 g","1,69 €  4,83 €/kg "
5443,"Krõbedate šokolaadipallidega jäätis, CLASSIC, 250 g","3,19 €  12,76 €/kg "
5444,"Be Beautiful mustsõstrasorbett ja vanillikoorejäätis, BALBIINO, 70 g","1,09 €  15,57 €/kg "
5445,"Eesti Uluk Põdralihapelmeenid, RANNAROOTSI, 350 g","2,29 €  6,54 €/kg "
5446,"Crème Brülee pint jäätis, SUPER VIVA, 260 g","2,99 €  11,50 €/kg "
5447,"Ciabatta hele, EESTI PAGAR, 300 g","0,99 €  3,30 €/kg "
5448,"Ciabatta tume, EESTI PAGAR, 300 g","0,99 €  3,30 €/kg "
5449,"Murel, BIMAR, 300 g","2,49 €  8,30 €/kg "
5450,"Odrajahust pelmeenid kanakintsulihaga Fitlap, UVIC, 400 g","2,59 €  6,48 €/kg "
5451,"Külmutatud pelmeenid Vanaema kalkun, UVIC, 400 g","2,29 €  5,73 €/kg "
5452,"Cookie Dough jäätis, BEN&JERRY´S, 406 g","6,99 €  17,22 €/kg "
5453,"Köögiviljasegu Tervist!, HÄRMAVILI, 400 g","1,49 €  3,73 €/kg "
5454,"Kalafileepalad tempura taignas, VICI, 300 g","3,19 €  10,63 €/kg "
5455,"Karamellimaitseline jäätis, IDÜLL, 385g","2,49 €  6,47 €/kg "
5456,"Vanillimaitseline jäätis, IDÜLL, 385g","2,49 €  6,47 €/kg "
5457,"HULGI Ristorante Mozzarella 2tk, DR.OETKER, 2 x 335 g","4,50 €  6,72 €/kg "
5458,"HULGI Külmutatud pelmeenid 4tk, SELVER, 4 x 350 g","3,60 €  2,57 €/kg "
5459,"HULGI Kalapulgad Muumi 4tk, VICI, 4 x 250 g","3,60 €  3,60 €/kg "
5460,"HULGI Praekartul sibulaga 4tk, HÄRMAVILI, 4 x 400 g","3,60 €  2,25 €/kg "
5461,"HULGI Külmutatud EHE mini-frikadellid 4tk, RANNAROOTSI EHE, 4 x 350 g","6,00 €  6,00 €/kg "
5462,"HULGI Piparmündi-koorejäätis šokolaaditükkidega 2 tk, VAU, 2 x 245 g","3,00 €  6,12 €/kg "
5463,"HULGI AHHAA Popkornitükkidega jäätis suhkruvahvlis 6tk, RAKS, 6 x 74 g","3,60 €  8,11 €/kg "
5464,"HULGI Pärmi-lehttaigen 4tk, SELVER, 4 x 500 g","5,00 €  2,50 €/kg "
5465,"HULGI Ühepajatoit 4tk, HÄRMAVILI, 4 x 400 g","3,00 €  1,88 €/kg "
5466,"HULGI Kohupiimasaiake 4tk, SELVER, 4 x 400 g","9,00 €  5,63 €/kg "
5467,"HULGI Külmutatud EHE pelmeenid 4tk, RANNAROOTSI, 4 x 350 g","5,80 €  4,14 €/kg "
5468,"HULGI Šokolaadi-vanillimaitseline koorejäätis piimašokolaadiga 2tk, NURR, 2 x 260 g","3,50 €  6,73 €/kg "
5469,"HULGI Paneeritud krevetid 4tk, VICI, 4 x 170 g","5,00 €  7,35 €/kg "
5470,"HULGI Friikartul ahjus küpsetamiseks 4tk, FARM FRITES, 4 x 750 g","6,00 €  2,00 €/kg "
5471,"HULGI Lihapirukas 4tk (8x50g), SELVER,4 x 400 g","8,00 €  5,00 €/kg "
5472,"Odrajahuga pelmeenid Veise-,sea- ja kanalihaga 80%liha, FITLAP, 400 g","2,89 €  7,23 €/kg "
5473,"Maasikamaitseline jäätis stracciatella tükkidega, SUPER VIVA, 265 g","2,89 €  10,91 €/kg "
5474,"Saku Originaal 12-pakk, SAKU, 3,96 L","6,99 € 1,77 €/l "
5475,"Õlu A. Le Coq Premium 24-kohver, 7,92 L","8,99 € 2,27 €/l "
5476,"Saku Kuld 12-pakk, SAKU, 3,96 L","13,59 € 1,72 €/l "
5477,"Hele õlu Alexander Pint 6-pakk, 6 x 568 ml purk","7,99 € 2,02 €/l "
5478,"Corona Extra, 355 ml pudel","10,99 € 2,78 €/l "
5479,"Hele õlu A.Le Coq Premium 6-pakk, 6 x 500 ml pudel","7,59 € 2,23 €/l "
5480,"Joogivesi, SAAREMAA, 5 L","1,39 € 3,92 €/l "
5481,"Apelsinimahl, AURA, 330 ml","1,69 € 4,76 €/l "
5482,"Apelsini-sidruni-porgandi mahlajook, SELVER, 1,5 L","6,99 € 2,33 €/l "
5483,"Apelsini-virsiku-grenadilli mahlajook, SELVER, 1,5 L","0,99 €  0,20 €/l "
5484,Beringer Zinfandel Rose 75 cl,"0,79 €  2,39 €/l "
5485,"Coca-Cola, COCA-COLA, 2 L","0,89 € 0,59 €/l "
5486,"Hele Õlu Premium Nippel 6-pakk, A.LE COQ, 6 x 250 ml","1,09 € 2,18 €/l "
5487,"Karastusjook Coca-Cola Zero, COCA-COLA ZERO, 330 ml","7,99 € 10,65 €/l "
5488,Nudist Rabarbra rabarberivahuvein 75 cl,"11,99 € 15,99 €/l "
5489,"Mineraalvesi Sanpellegrino, 1 L","1,89 € 0,95 €/l "
5490,"Hele õlu A.Le Coq Premium 6-pakk, 6 x 500 ml purk","4,99 € 3,33 €/l "
5491,"Joogivesi gaseeritud 6-pakk, SELVER, 9 L","12,99 € 17,32 €/l "
5492,"Joogivesi Sidrun 6-pakk, SELVER, 9 L","1,49 € 1,49 €/l "
5493,"Õlu Saku Originaal 6-pakk, SAKU, 6 x 500 ml purk","6,19 € 2,06 €/l "
5494,"Värska Originaal, VÄRSKA, 1,5 L","7,49 € 2,50 €/l "
5495,"Maasika kõrrejook, LIMPA, 250 ml","2,99 € 0,33 €/l "
5496,Hardy`s Mill Cellars Chardonnay 75 cl,"2,99 € 0,33 €/l "
5497,"Multi kõrrejook, LIMPA, 250 ml","7,59 € 2,53 €/l "
5498,"Karastusjook Coca-Cola, COCA-COLA, 330 ml","1,19 € 0,79 €/l "
5499,"Joogivesi, SAAREMAA, 500 ml","8,50 €  18,97 €/kg "
5500,"Hele õlu Selveri Pilsner, 500 ml pudel","10,00 €  25,00 €/kg "
5501,I Classici Pinot Grigio 2012 75 cl,"0,39 €  1,56 €/l "
5502,Mionetto Prestige Prosecco Doc Treviso Brut 75 cl,"4,99 € 6,65 €/l "
5503,Menestrello Prosecco DOC 75 cl,"6,99 € 9,32 €/l "
5504,La Gioiosa Prosecco Treviso DOC Spumante Brut 75 cl,"0,39 €  1,56 €/l "
5505,Johann Brunner Riesling Mosel 75 cl,"0,79 € 2,39 €/l "
5506,Zonin Ripasso Valpolicella 75 cl,"0,39 € 0,78 €/l "
5507,Maori Bay Sauvignon Blanc 75 cl,"0,59 € 1,18 €/l "
5508,"Õlu Alexander filtreerimata, ALEXANDER, 568 ml","6,99 € 9,32 €/l "
5509,"Saku Rock 6-pakk, SAKU, 6 x 568 ml purk","8,99 € 11,99 €/l "
5510,"Saku On Ice 6-pakk, 1,98 L","6,99 € 9,32 €/l "
5511,"Looduslik mineraalvesi karboniseeritud, VYTAUTAS, 1,25 L","6,99 € 9,32 €/l "
5512,"Tomatimahl, AURA, 330 ml","8,99 € 11,99 €/l "
5513,Hele õlu Karl Friedrich 6-pakk 6x568 ml purk,"9,49 € 12,65 €/l "
5514,"HULGI Hele õlu Selveri Pilsner 12 tk, SELVER, 12 x 500 ml pudel","13,49 € 17,99 €/l "
5515,"HULGI Hele õlu Selveri Kange 8tk, SELVER, 8 x 2 L","5,99 € 7,99 €/l "
5516,"HULGI Hele õlu Selveri Pilsner 8tk, SELVER, 8 x 2 L pet","7,99 € 10,65 €/l "
5517,"Õuna-Kirsi kõrrejook, LIMPA, 250 ml","10,99 € 14,65 €/l "
5518,"Karastusjook Coca-Cola, COCA-COLA, 1,5 l","14,99 € 19,99 €/l "
5519,"Õunamahl, AURA, 330 ml","6,99 € 9,32 €/l "
5520,"Helles Burg 24-pakk, 7,92 L","9,99 € 13,32 €/l "
5521,"Limonaad traditsiooniline, A. LE COQ, 1,5 L","1,19 € 2,10 €/l "
5522,"Hele õlu A.Le Coq Alexander Pint, 568 ml purk","1,49 € 2,62 €/l "
5523,Hele õlu Tuborg Green 6-pakk 6x330 ml pudel,"7,99 € 2,34 €/l "
5524,"Red Bull 4-pakk, RED BULL, 4 x 250 ml","4,99 € 2,52 €/l "
5525,"Apelsinimahl 100%, PURE, 1 L","6,49 € 3,28 €/l "
5526,"Coca-Cola, COCA-COLA, 500 ml","9,00 €  22,50 €/kg "
5527,"Coca-cola Zero, COCA-COLA, 2 L","0,79 € 0,63 €/l "
5528,"Joogivesi nõrgalt gaseeritud, SAAREMAA, 500 ml","6,49 € 1,90 €/l "
5529,"Coca-cola Zero, COCA-COLA, 500 ml","7,99 € 2,34 €/l "
5530,Hele õlu Saku Kuld 500 ml purk,"6,60 € 1,10 €/l "
5531,"Karastusjook Coca-Cola Zero, COCA-COLA ZERO, 1,5 l","24,00 € 1,50 €/l "
5532,"Toonik Tonic, SCHWEPPES, 1,5 L","18,50 € 1,16 €/l "
5533,Hele õlu Saku Karl Friedrich 568 ml purk,"0,39 €  1,56 €/l "
5534,"Kali Karl Friedrich, SAKU, 500 ml","0,79 €  2,39 €/l "
5535,"Kali Mustsõstar, KARL FRIEDRICH, 500 ml","12,59 € 1,59 €/l "
5536,"Looduslik mineraalvesi, DEVIN, 1,5 L","1,29 € 2,27 €/l "
5537,"Hele õlu A.Le Coq Alexander 6-pakk, 6 x 500 ml pudel","5,99 € 3,03 €/l "
5538,"Apelsinimahl viljalihaga 100%, DON SIMON, 2 L","4,99 € 4,99 €/l "
5539,Saku On Ice Granaatõun 4% 330 ml pudel,"2,99 € 2,99 €/l "
5540,"Ploominektar, PÕLTSAMAA, 1 L","0,99 € 1,98 €/l "
5541,"Joogivesi, SAAREMAA, 1,5 L","1,89 € 0,95 €/l "
5542,"Õunamahl 100%, AURA, 1 L","4,99 €  9,98 €/kg "
5543,"Õlu Pilsner 6-pakk, A. LE COQ, 3 L","0,39 € 0,78 €/l "
5544,"Hele õlu A. Le Coq Special 6-pakk, A.LE COQ, 6 x 568 ml purk","0,99 € 1,98 €/l "
5545,"Gaseeritud vesi, SAAREMAA, 1,5 L","1,39 € 2,78 €/l "
5546,"Värska Originaal, VÄRSKA, 1 L","1,49 € 0,99 €/l "
5547,"Hele õlu A.Le Coq Special, 500 ml pudel","1,99 € 1,33 €/l "
5548,"Ploominektar, AURA, 1 L","1,29 € 2,27 €/l "
5549,"Schweppes Russchian, SCHWEPPES, 1,5 L","4,99 €  9,98 €/kg "
5550,"Energiajook, RED BULL, 250 ml","0,79 € 1,58 €/l "
5551,"Laua viin, LIVIKO, 50 cl","0,79 € 1,58 €/l "
5552,"Apelsinimahl viljalihaga 100%, DON SIMON, 1 L","1,79 € 6,39 €/l "
5553,"Karastusjook Pepsi Max, PEPSI, 1,5 L","1,49 € 0,99 €/l "
5554,"Energiajook suhkruvaba, RED BULL, 250 ml","6,99 € 2,33 €/l "
5555,"Looduslik mineraalvesi gaseerimata, EVIAN, 1,5 L","4,59 €  2,30 €/l "
5556,"Alkoholivaba õlu Ökol, CARLSBERG, 330 ml","1,09 € 3,30 €/l "
5557,"Coca-Cola, , 1 L","1,19 €  1,19 €/l "
5558,"Grapefruit, G:N, 500 ml","0,59 € 0,39 €/l "
5559,"Mineraalvesi Värska Mineraal 6-pakk, VÄRSKA MINERAAL, 9 L","1,19 €  1,19 €/l "
5560,"Õunamahl loodusliku mineraalveega, VÄRSKA, 1 L","1,89 € 1,89 €/l "
5561,"Jäätee Virsiku-hibski, FUZETEA, 1,5 L","1,49 € 0,99 €/l "
5562,Hele õlu Saku Kuld 6-pakk 6x500 ml purk,"7,99 € 2,66 €/l "
5563,"Mineraalvesi, PERRIER, 1 l","1,39 € 1,39 €/l "
5564,"Hele õlu Selveri Pilsner, SELVER, 2 L","2,59 € 1,30 €/l "
5565,"Toonik Tonic Water, FEVER TREE, 500 ml","3,29 € 6,58 €/l "
5566,"Apelsinimahl 100%, AURA, 1 L","1,29 €  1,29 €/l "
5567,"Karastusjook Pepsi Cola, PEPSI, 1,5 L","1,29 € 0,86 €/l "
5568,"Joogivesi gaasita, SELVER, 1,5 L","0,49 € 0,33 €/l "
5569,"Allikavesi, VÄRSKA, 7 l","1,79 €  0,26 €/l "
5570,"Viin Vägev, VIRU VALGE, 50 cl","14,99 €  29,98 €/l "
5571,"Jõhvikajook, AURA, 1 L","1,19 €  1,19 €/l "
5572,Sinebrychoff Grapefruit 500 ml,"1,25 € 2,50 €/l "
5573,"Looduslike mineraalidega vesi piparmündi ja laimi, VÄRSKA MINERAAL, 1 L","4,39 €  8,78 €/kg "
5574,"Alkoholivaba õlu Fassbrause Lemon, A. LE COQ, 500 ml","0,99 € 0,99 €/l "
5575,"Allikavesi gaseeritud, VÄRSKA, 1,5 l","0,89 € 1,78 €/l "
5576,"Alkoholivaba Pilsner, SAKU GO, 500 ml","0,79 € 0,53 €/l "
5577,"Hoggy's Gin, 500 ml","0,89 € 1,78 €/l "
5578,"Gaseeritud vesi Spring, AURA, 1,5 L","1,79 € 6,39 €/l "
5579,"Looduslik mineraalvesi karboniseeritud, VÄRSKA MINERAAL, 1 L","0,59 € 0,39 €/l "
5580,"Tume õlu Saare Taar, , 500 ml","0,99 € 0,99 €/l "
5581,"Õunajook kõrrega, PÕLTSAMAA, 200 ml","1,39 € 2,78 €/l "
5582,"Jõhvikajook, PÕLTSAMAA, 1 L","0,39 €  1,95 €/l "
5583,"Tomatimahl 100%, AURA, 1 L","1,19 €  1,19 €/l "
5584,Hele õlu A.Le Coq Pilsner 500 ml pudel,"0,99 €  0,99 €/l "
5585,"Clausthaler Unfiltred alkoholivaba õlu, CLAUSTHALER, 330 ml","1,09 € 2,18 €/l "
5586,Hele õlu A.Le Coq I 500 ml purk,"0,99 € 3,00 €/l "
5587,"Tuletikud, 10tk kiles, SELVER","1,09 € 2,18 €/l "
5588,"Allikavesi Vittel, VITTEL, 1,5 L","0,43 €  0,04 €/tk "
5589,"Gaseeritud vesi pohlamaitseline, AURA, 1,5 L","1,29 € 0,86 €/l "
5590,"Coca-Cola, COCA-COLA, 330 ml","1,79 € 6,39 €/l "
5591,"Energiajook Red Bull, RED BULL, 355 ml","0,99 € 3,00 €/l "
5592,"Apelsinimahl, PÕLTSAMAA, 1 L","1,89 € 5,32 €/l "
5593,"Karboniseerimata mineraalvesi, NEPTUNAS, 1,5 L","1,29 €  1,29 €/l "
5594,"Hele õlu A.Le Coq Alexander, 500 ml pudel","0,79 € 0,53 €/l "
5595,"Limonaad Sanpellegrino Aracianta, SANPELLEGRINO, 330 ml","1,09 € 2,18 €/l "
5596,Saku On Ice Citrus 330 ml pudel,"1,09 € 3,30 €/l "
5597,"Õlu Virmalised, PÕHJALA, 330 ml","1,09 € 3,30 €/l "
5598,"Alkoholivaba õlu Fassbrause Peach, A. LE COQ, 500 ml","1,99 € 6,03 €/l "
5599,"Kali Tume, A.LE COQ, 1 L","2,59 € 7,85 €/l "
5600,"Alkoholivaba õlu Lemon, CLAUSTHALER, 330 ml pudel","0,89 € 1,78 €/l "
5601,"Karastusjook Fanta, FANTA, 330 ml","1,09 € 1,09 €/l "
5602,"Ananassimahl, PURE, 1 L","0,99 € 3,00 €/l "
5603,"Alkoholivaba õlu Premium, A.LE COQ, 500 ml","0,79 € 2,39 €/l "
5604,"Lauavesi sidrunimaitseline gaseeritud, VICHY CLASSIQUE, 1,5 L","2,99 € 2,99 €/l "
5605,"Karboniseeritud ja mineraliseeritud vesi, VÄRSKA, 1,5 L","0,89 € 1,78 €/l "
5606,"Õlu A. Le Coq Premium, 330 ml","0,69 € 0,46 €/l "
5607,"Karastusjook, DR.PEPPER, 330 ml","0,69 € 0,46 €/l "
5608,"Limonaad traditsiooniline, A. LE COQ, 500 ml","0,59 € 1,79 €/l "
5609,"Kirsijook, AURA, 1 L","0,59 € 1,79 €/l "
5610,"Saku Rock pint, SAKU, 568 ml purk","0,69 € 1,38 €/l "
5611,"Tuletikud, üksik tikutoos, SELVER","1,19 €  1,19 €/l "
5612,"Looduslik mineraalvesi gaseerimata, EVIAN, 500 ml","1,49 € 2,62 €/l "
5613,"Mustika- õunajook, PÕLTSAMAA, 1 L","0,89 € 1,78 €/l "
5614,"Vurtsvasser Rabarber-Vaarikas, VÄRSKA, 1 L","1,49 € 2,98 €/l "
5615,"Multifruit mahlajook, AURA FRESH, 2 L","2,29 € 4,58 €/l "
5616,Hele õlu Tuborg Green 330 ml pudel,"1,19 €  1,19 €/l "
5617,Hele õlu Saku On Ice 330 ml pudel,"1,89 € 1,89 €/l "
5618,"Multinektar, AURA, 1 L","1,69 €  0,85 €/l "
5619,"Karastusjook Fanta Orange, FANTA, 1,5 l","1,09 € 3,30 €/l "
5620,"Tomatimahl, PÕLTSAMAA, 1 L","0,79 € 2,39 €/l "
5621,"Gaseeritud vesi sidrunimaitseline, AURA, 1,5 L","1,09 € 3,30 €/l "
5622,"Apelsinimahl, CAPPY, 1 L","1,19 €  1,19 €/l "
5623,"Gaseerimata vesi Spring, AURA, 1,5 L","1,49 € 0,99 €/l "
5624,"Sidruni-laimimaitseline jook gaseerimata, VICHY FRESH, 1,5 L","0,99 €  0,99 €/l "
5625,"Toonik Craft Rose Lemonade, ØRN, 1 L","0,69 € 0,46 €/l "
5626,Hele õlu Budweiser 500 ml pudel,"1,89 € 1,89 €/l "
5627,"Greibi ja sidrunheina maitseline vitamiinidega jook Power, VITAMINERAL, 750 ml","1,09 € 0,73 €/l "
5628,"Vitamiinijook rohelise tee, sidruni ja mündi maitsega Detox, VITAMINERAL, 750 ml","1,29 € 1,29 €/l "
5629,"Õunamahl 100%, PURE, 1 L","1,99 € 3,98 €/l "
5630,"Hartwall Original Long Drink, 330 ml purk","1,79 € 6,39 €/l "
5631,"Maitsevesi Near Water Kasemahl-Õun, AURA FRUIT, 1,5 l","0,99 € 1,32 €/l "
5632,"Alkoholivaba õlu Original, CLAUSTHALER, 330 ml pudel","0,99 € 1,32 €/l "
5633,"Looduslik mineraalvesi, VICHY FRESH, 1,5 L","1,79 € 6,39 €/l "
5634,"Alkoholivaba õlu Greip, SAKU ON ICE, 500 ml","1,09 € 3,30 €/l "
5635,"Sidrunimaitseline gaseeritud vesi, VÄRSKA, 1,5 L","1,29 € 3,91 €/l "
5636,"Apelsinimahl viljalihaga, LARGO, 1 L","1,09 € 0,73 €/l "
5637,"Coronita Cerveza, 210 ml pudel","0,99 € 3,00 €/l "
5638,"Õlu A. Le Coq Pilsner, A. LE COQ, 500 ml","0,59 € 0,39 €/l "
5639,"Õunamahl, PÕLTSAMAA, 1 L","0,99 €  3,00 €/kg "
5640,Murviedro Crianza 75 cl,"1,79 €  1,79 €/l "
5641,"Alexander Dunkel, A.LE COQ, 568 ml purk","1,09 € 5,19 €/l "
5642,"Vitamiinidega jook Boost, VITAMINERAL, 750 ml","1,19 € 2,38 €/l "
5643,"Nr. 1 värskeltpressitud Apelsinimahl, RYNKEBY, 1 l","1,19 €  1,19 €/l "
5644,"Vesi vahtramahla ja pohla, AURA FRUIT, 1,5 L","4,49 €  2,57 €/l "
5645,"Multimahlajook kõrrega, PÕLTSAMAA, 200 ml","4,69 €  10,42 €/kg "
5646,"Fanta apelsini, FANTA, 500 ml","0,99 € 1,98 €/l "
5647,"Apple Kiwi, BURN, 330 ml","0,69 € 2,09 €/l "
5648,"Klassikaline kali, A.LE COQ, 2 L","1,49 € 0,75 €/l "
5649,"Gaseeritud vesi sidruni, AURA FRUIT, 1,5 L","1,09 € 0,73 €/l "
5650,"Mustikamaitseline jook, AURA FRUIT, 1,5 L","1,09 € 0,73 €/l "
5651,"Jõhvika mahlajook, PÕLTSAMAA, 2 L","1,79 €  0,90 €/l "
5652,"Imperial Kvass, A.LE COQ, 400 ml","0,79 € 1,98 €/l "
5653,"Kaminatikk, HANSA CANDLE, tk","1,49 €  1,49 €/tk "
5654,Hele õlu Saku Rock 500 ml pudel,"0,99 € 1,98 €/l "
5655,Hele õlu A.Le Coq Premium 500 ml purk,"0,79 €  2,63 €/l "
5656,"Limonaad Multivitamiini, LIMONAAD, 1,5 L","1,29 € 2,58 €/l "
5657,"Alkoholivaba siider Apple, HOGGY'S, 500 ml","1,09 € 0,73 €/l "
5658,"Energiajook, STARTER, 500 ml","4,69 €  10,42 €/kg "
5659,"Lauavesi gaseeritud, SELVER, 1,5 L","0,99 € 1,98 €/l "
5660,"Limon Summer Edition, NOCCO, 330 ml","0,59 € 0,39 €/l "
5661,"Troopilistest viljadest mahlajook, PÕLTSAMAA, 2 L","1,79 € 6,39 €/l "
5662,"Saku Porter, SAKU, 500 ml","1,79 €  0,90 €/l "
5663,"Punase greibi nektar, AURA, 1 L","1,79 € 6,39 €/l "
5664,"Hoggy's Gin Pink, , 500 ml","1,19 €  1,19 €/l "
5665,"Alkoholivaba õlu, HEINEKEN, 330 ml","1,79 € 3,58 €/l "
5666,"Roheline jäätee tsitrusega, FUZETEA, 1,5 L","0,99 € 3,00 €/l "
5667,"Fassbrause Raspberry, A. LE COQ, 500 ml","1,49 € 0,99 €/l "
5668,"Kronenburg 1664 Blanc, 500 ml","0,89 € 1,78 €/l "
5669,"Jõhvikanektar, CIDO, 1 L","1,69 € 3,38 €/l "
5670,"Multimahlajook, PÕLTSAMAA, 2 L","1,29 €  1,29 €/l "
5671,Johann Brunner Riesling Rheinhessen 75 cl,"1,79 €  0,90 €/l "
5672,"Saku Originaal 4-pakk, SAKU, 2 L","4,99 € 6,65 €/l "
5673,"Vurtsvasser Mustikas, VÄRSKA , 1 L","7,99 € 10,65 €/l "
5674,"Apelsinimahl, GRANINI, 1 l","1,89 € 1,89 €/l "
5675,"Soodavesi, ROYAL CLUB, 330 ml","5,99 €  0,37 €/tk "
5676,"Vesi gaseeritud sidrunimaitseline, SELVER, 1,5 L","2,49 € 2,49 €/l "
5677,"Karboniseeritud looduslik mineraalvesi No17, Essential Well, 1 L","0,59 € 1,79 €/l "
5678,"Maasika-punasesõstrajook kõrrega, PÕLTSAMAA, 200 ml","0,59 € 0,39 €/l "
5679,"Mineraalvesi Originaal, VÄRSKA, 1,5 l","0,99 € 0,99 €/l "
5680,"Energiajook Energy, MONSTER, 500 ml","0,39 €  1,95 €/l "
5681,"Karboniseeritud mineraalvesi Mündi, NEPTUNAS, 1,5 L","1,19 € 0,79 €/l "
5682,"Monster Ultra, MONSTER, 500 ml","0,89 € 0,59 €/l "
5683,"Toonik Craft Pink Grapefruit, ØRN, 1 L","0,99 €  3,00 €/kg "
5684,"Hoggy's Dry apple, A.LE COQ , 330 ml","1,49 € 2,98 €/l "
5685,"Coca-Cola Zero, COCA-COLA, 330 ml","1,29 € 1,29 €/l "
5686,Hardy`s Mill Cellars Shiraz 75 cl,"0,89 € 2,70 €/l "
5687,"Coca-Cola Lime, COCA-COLA, 1,5 L","1,29 € 3,91 €/l "
5688,"Saku Hele, SAKU, 500 ml","0,99 € 3,00 €/l "
5689,"Energiajook Red Bull, RED BULL, 473 ml","4,99 € 6,65 €/l "
5690,"Santaños Tequila-Lime, , 330 ml","6,99 € 9,32 €/l "
5691,"G:N Long Drink Grapefruit, 500 ml pet","1,49 € 0,99 €/l "
5692,"Alkoholivaba nisuõlu Premium, A. LE COQ, 500 ml","2,39 € 5,05 €/l "
5693,"Alkoholivaba õlu Premium, A. LE COQ, 330 ml","0,99 € 3,00 €/l "
5694,"Hoggy's Rhubarb Bliss, HOGGY'S, 500 ml","1,49 € 2,98 €/l "
5695,"Apelsini nektar magus, AURA, 1 L","19,99 €  19,99 €/kg "
5696,"Õunamahl, PÕLTSAMAA, 2 L","0,89 € 1,78 €/l "
5697,"Granaatõunamahl, REYNAR, 1 L","0,79 € 2,39 €/l "
5698,"Maschio Prosecco Spumante Extra Dry, 75 cl","9,99 € 13,32 €/l "
5699,"Hele õlu A.Le Coq Premium Extra Ginger, 330 ml pudel","1,19 €  1,19 €/l "
5700,"Hartwall Original Long Drink, 440 ml purk","1,99 €  1,00 €/l "
5701,"Koola-, ürdi- ja teem. karastusjook, KANE'S, 650 ml","2,69 € 2,69 €/l "
5702,"Energiajook Mega, MONSTER, 553 ml","9,99 € 13,32 €/l "
5703,Hele õlu A.Le Coq Premium 500 ml pudel,"1,09 € 3,30 €/l "
5704,"Toonik Water, FEVER TREE, 200 ml","1,69 € 3,84 €/l "
5705,Martini Asti 75 cl,"8,49 € 11,32 €/l "
5706,"Allikavesi gaseerimata, VÄRSKA, 1,5 l","6,29 €  25,16 €/kg "
5707,"Allikavesi Vittel Sport, VITTEL, 750 ml","1,59 € 2,88 €/l "
5708,"Hoggy's Apple, A. LE COQ , 330 ml","1,39 € 6,95 €/l "
5709,"Hele õlu Schöfferhofer Hefeweizen, 500 ml pudel","7,99 € 10,65 €/l "
5710,"Värska Originaal, VÄRSKA VESI, 500 ml","8,99 € 11,99 €/l "
5711,"Hoggy's Pear, A.LE COQ , 330 ml","0,79 € 0,53 €/l "
5712,Hele õlu Karksi Blond Munk 500 ml pudel,"1,09 € 1,45 €/l "
5713,"Hele õlu A. Le Coq Special, A.LE COQ, 568 ml purk","0,89 € 2,70 €/l "
5714,"Õlu 15% kirsimahlaga A.Le Coq Kriek 4,5%, A.LE COQ, 500 ml","1,29 € 3,91 €/l "
5715,"Kannujook kirsi-aroonia, PÕLTSAMAA, 1 L","1,99 € 3,98 €/l "
5716,"Hartwall Gin Long Drink Strong, 330 ml purk","0,79 € 1,58 €/l "
5717,Kingsmill Gin 100 cl,"0,89 € 2,70 €/l "
5718,"Nr. 1 värskeltpressitud Õunamahl, RYNKEBY, 1 l","1,29 € 3,91 €/l "
5719,"Köögiviljamahl 100%, CIDO, 1 L","1,29 € 2,58 €/l "
5720,"Metsamarja mahlajook, AURA PLUS, 2 L","1,49 € 2,98 €/l "
5721,"Limonaad Kelluke, A.LE COQ, 1,5 L","1,49 € 2,98 €/l "
5722,Siider Somersby Apple 6-pakk 6x330 ml pudel,"1,59 €  4,82 €/l "
5723,"Mahlajook Apelsin-Ananass-Porgand, DR. ACTIVE, 500 ml","14,99 € 14,99 €/l "
5724,"Karboniseeritud looduslik mineraalvesi No4, Essential Well, 1 L","18,99 € 18,99 €/l "
5725,Sinebrychoff Gin Long Drink 330 ml,"2,99 €  2,99 €/l "
5726,"Mustsõstra-õuna-vaarika mahlajook, PÕLTSAMAA, 2 L","1,79 €  0,90 €/l "
5727,"Õuna-rabarberijook, AURA, 1 L","1,19 €  1,19 €/l "
5728,"Energiajook Battery, BATTERY, 330 ml","0,99 € 3,00 €/l "
5729,"Karastusjook Pepsi Cola, PEPSI, 500 ml","0,79 € 1,58 €/l "
5730,"Alkoholivaba õlu Sidrun, SAKU ON ICE, 500 ml","0,89 € 1,78 €/l "
5731,"Multimahlajook, PÕLTSAMAA, 1 L","1,19 €  1,19 €/l "
5732,"Energiajook Ultra Mega, MONSTER, 553 ml","1,59 € 2,88 €/l "
5733,"Rabarberilimonaad mahe, ÖUN, 330 ml","1,99 € 6,03 €/l "
5734,St.Remy brändi Authentic 50 cl pet,"9,99 € 19,98 €/l "
5735,"Ananassinektar, AURA, 1 L","2,29 €  13,47 €/kg "
5736,"Saku Manchester, SAKU, 500 ml","1,39 €  1,39 €/l "
5737,"Energiajook Battery Original, BATTERY, 400 ml","1,39 € 2,78 €/l "
5738,"Valge viinamarja mahlajook, AURA PLUS, 2 L","1,09 € 2,73 €/l "
5739,"Pirni-õunajook kõrrega Draakoni, PÕLTSAMAA, 200 ml","1,49 €  0,75 €/l "
5740,"Karastusjook Jaffa Original, HARTWALL, 1,5 L","1,79 € 6,39 €/l "
5741,"Greibimahl, PURE, 1 L","1,59 € 1,06 €/l "
5742,"Karastusjook Valge Klaar mahlaga, VALGE KLAAR, 500 ml","2,79 € 2,79 €/l "
5743,"Ingverijook, ROCHESTER GINGER, 725 ml","0,69 € 1,38 €/l "
5744,"Saku Karl Friedrich Märzen, 568 ml","5,89 €  0,37 €/tk "
5745,"Leffe Blond, 500 ml","1,49 € 2,62 €/l "
5746,"Alkoholivaba Nisuõlu, GO, 500 ml","1,99 € 3,98 €/l "
5747,"Original, BURN, 330 ml","0,45 €  18,00 €/kg "
5748,"Maitsevesi Near Water Aura Fruit Maasikas-Basiilik, AURA FRUIT, 1,5 L","0,69 € 2,09 €/l "
5749,"Traditsiooniline Kali Originaal, TANHEISER, 1,5 L","1,09 € 0,73 €/l "
5750,"Mango nektar 35%, DON SIMON, 1 l","1,49 € 0,99 €/l "
5751,Casal Garcia Vinho Verde Branco 75 cl,"0,22 €  12,94 €/kg "
5752,"Alkoholivaba õlu 1664 Blanc, KRONENBOURG, 330 ml","7,49 € 9,99 €/l "
5753,"Kirsi-õuna-aroonia mahlajook, PÕLTSAMAA, 2 L","8,99 € 11,99 €/l "
5754,"Mahlajook Apelsin-Ananass-Porgand, DR. ACTIVE, 1,5 L","0,99 € 3,00 €/l "
5755,"Õlu Lapin Kulta, LAPIN KULTA, 500 ml purk","1,79 €  0,90 €/l "
5756,"Viinamarjanektar, AURA, 1 L","1,49 € 0,99 €/l "
5757,"Toonik Premium Indian, FENTIMANS, 500 ml","1,29 €  1,29 €/l "
5758,"Viin, VIRU VALGE, 50 cl","5,99 €  0,37 €/tk "
5759,"Fanta apelsini, FANTA, 2 L","3,39 € 6,78 €/l "
5760,"Hele õlu Warsteiner, 500 ml purk","1,99 € 1,00 €/l "
5761,"Ale tüüpi õlu A.Le Coq IPA 5,0%, A.LE COQ, 500 ml","3,59 €  7,18 €/kg "
5762,"Kannujook mustsõstar-õun-vaarika, PÕLTSAMAA, 1 L","1,49 € 2,98 €/l "
5763,"Vesi Spring gaasita, AURA, 500 ml","0,99 € 1,98 €/l "
5764,"Mineraalvesi Sanpellegrino, 500 ml","2,19 €  13,27 €/kg "
5765,"Gaseeritud vesi, SELVER, 500 ml","0,99 € 1,98 €/l "
5766,"Sidrunimahlaga karastusjook, KANE'S, 650 ml","2,59 €  6,48 €/kg "
5767,"Õunamahl, PÕLTSAMAA, 200 ml","1,79 € 6,39 €/l "
5768,"Õlu Saku Originaal, 500 ml purk","0,59 €  2,95 €/l "
5769,"Tomatimahl, LARGO, 1 L","2,19 €  62,57 €/kg "
5770,"Energiajook Caribbean, NOCCO, 330 ml","1,39 € 2,78 €/l "
5771,"Looduslik mineraalvesi, VICHY FRESH, 500 ml","2,29 € 6,94 €/l "
5772,"Õlu Santaños, SANTAÑOS, 330 ml","22,90 €  22,90 €/kg "
5773,"Gaseeritud Rohelise õuna energiavesi, BELIEF, 530 ml","0,39 € 0,78 €/l "
5774,"Mahlajook Õuna-Arbuusi, DR. ACTIVE, 500 ml","0,99 € 3,00 €/l "
5775,Baron Rosen Vino Blanco 100 cl,"1,79 € 3,58 €/l "
5776,Laua viin 50 cl,"1,79 € 3,38 €/l "
5777,"XL Tomatimahl, CIDO, 1,5 L","0,89 € 1,78 €/l "
5778,"VITAMIN DAILY, VICHY, 750 ml","4,29 € 4,29 €/l "
5779,"X-tra Wild Cherry, STARTER, 500 ml","6,49 €  12,98 €/l "
5780,"G:N Long Drink Grapefruit, 1,5 L pet","1,29 €  0,86 €/l "
5781,"Hele õlu A. Le Coq Premium Extra Lime, 330 ml pudel","0,99 € 1,32 €/l "
5782,Õlu Ginger Joe Õlu Stone`s Ginger Beer 330 ml pudel,"14,99 €  14,99 €/kg "
5783,"Tomatimahl, HEINZ, 290 ml","0,99 € 1,98 €/l "
5784,"Coca-Cola Lime, COCA-COLA, 500 ml","1,09 € 3,30 €/l "
5785,"Nisuõlu Köning Ludwig Weissbier Hell, 500 ml pudel","0,89 € 3,07 €/l "
5786,"Põhjala Kosmos, 330 ml","3,59 €  7,18 €/kg "
5787,Le Grand Noir Pinot Noir 75 cl,"1,29 €  11,73 €/kg "
5788,"Vitamiinijook Antioxidant, VITAMIN WELL, 500 ml","1,69 € 5,12 €/l "
5789,"Karastusjook Rose Lemonade, FENTIMANS, 275 ml","2,29 € 6,94 €/l "
5790,"Vitaminijook tsitruse-laimi, VITAMIN WELL, 500 ml","0,22 €  27,50 €/kg "
5791,"Jäätee Sidrunheina, FUZETEA, 500 ml","6,99 € 9,32 €/l "
5792,"Gaasiga vesi vaarikamahlaga, AURA SCHÖRLE, 750 ml","8,99 € 11,99 €/l "
5793,"Karastusjook Cherrytree Cola, FENTIMANS, 275 ml","3,49 € 4,65 €/l "
5794,"Alkoholivaba õlu Originaal, SAKU, 500 ml","1,89 € 3,78 €/l "
5795,"Alkoholivaba siider Pirni, Kopparbergs, 500 ml","1,49 € 2,98 €/l "
5796,"Öunalimonaad mahe, ÖUN, 330 ml","1,99 € 6,03 €/l "
5797,"Gaasita vesi magneesiumiga, AURA SPORT, 750 ml","0,79 € 1,05 €/l "
5798,"Mahlajook Õuna-Arbuusi, DR. ACTIVE, 1,5 L","1,49 € 0,99 €/l "
5799,"Coca-Cola Peach, COCA-COLA ZERO, 1,5 L","1,49 € 0,99 €/l "
5800,"Smirnoff Ice, 275 ml pudel","1,29 € 4,69 €/l "
5801,"Apelsininektar, PÕLTSAMAA, 1 l","1,89 € 6,87 €/l "
5802,"Tomatimahl, PÕLTSAMAA, 2 L","1,19 €  1,19 €/l "
5803,"Apelsini-mangonektar, GRANINI, 1 L","1,99 €  1,00 €/l "
5804,"Karastusjook 7UP, 7 UP, 1,5 L","2,49 € 2,49 €/l "
5805,"Limonaad Roosa Rabarber, ROOSA RABARBER, 500 ml","1,29 € 0,86 €/l "
5806,"Hele õlu A.Le Coq Imperial Gold, 400 ml pudel","19,99 €  19,99 €/kg "
5807,"Apelsinimahl, PURE, 250 ml","1,29 € 3,23 €/l "
5808,Hele õlu Pilsner Urquell 500 ml pudel,"1,09 € 4,36 €/l "
5809,Stony Ocean Sauvignon Blanc 75 cl,"2,29 € 4,58 €/l "
5810,"Gaseeritud Pirni energiavesi, BELIEF, 530 ml","6,99 € 9,32 €/l "
5811,"Hydrate, VITAMIN WELL, 500 ml","9,99 € 13,32 €/l "
5812,"Kali Karl Friedrich, SAKU, 1,5 L","1,79 € 3,38 €/l "
5813,Le Grand Noir Cabernet Shiraz 75 cl,"1,89 € 3,78 €/l "
5814,"Toonik Elderflower Tonic Water, FEVER TREE, 200 ml","1,19 € 0,79 €/l "
5815,"Karastusjook Limonaad Traditsioo, A.LE COQ, 330 ml","6,99 € 9,32 €/l "
5816,"Karastusjook Craft Cola, ØRN, 330 ml","8,99 € 11,99 €/l "
5817,"Alkoholivaba õlu Warsteiner Fresh, WARSTEINER, 330 ml","1,39 € 6,95 €/l "
5818,"Siirup Limonaadi, A. LE COQ, 750 ml","0,39 € 1,18 €/l "
5819,"Nisuõlu Alexander Weizen, ALEXANDER, 568 ml","0,69 € 2,09 €/l "
5820,Hogarth Gin 70 cl,"0,89 € 2,70 €/l "
5821,"Õlu Pilsner Urquell, PILSNER URQUELL, 500 ml purk","1,29 €  1,72 €/l "
5822,"Toonik Pink Grapefruit, FENTIMANS, 500 ml","11,99 € 17,13 €/l "
5823,"Gaasiga vesi õunamahlaga, AURA SCHÖRLE, 750 ml","1,59 € 3,18 €/l "
5824,"Saku Tume, SAKU, 500 ml","1,99 € 3,98 €/l "
5825,"Toonik, A.LE COQ, 1,5 l","2,19 €  12,88 €/kg "
5826,"Funktsionaalne jook Pirni, NOCCO, 330 ml","3,39 € 6,78 €/l "
5827,"Mahlakas Porgandimehu, SALVEST, 480 ml","14,99 €  14,99 €/kg "
5828,"Grapefruit, SINEBRYCHOFF, 1,5 l","0,99 € 1,32 €/l "
5829,"Hartwall Original Orange, , 330 ml","1,49 € 2,98 €/l "
5830,"Mandariinimahl, AURA, 330 ml","1,09 € 0,73 €/l "
5831,"Mineraalvesi sidrunimaitseline karboniseeritud, VICHY CLASSIQUE, 500 ml","2,29 € 6,94 €/l "
5832,Casa Charlize Pinot Grigio Terre Siciliane IGT 75 cl,"1,59 € 3,31 €/l "
5833,"Greibinektar 55%, GRANINI, 1 L","3,79 € 2,53 €/l "
5834,"Fresno Flirt No Sugar, KANE'S, 650 ml","1,09 € 3,30 €/l "
5835,"Mahlajoogikonsentraar vaarika-mustika, KÜLLUS, 330 ml","1,29 € 3,91 €/l "
5836,"Energiajook, DYNAMI:T, 500 ml","0,79 €  2,39 €/l "
5837,"Somersby Spritz, 500 ml","9,99 € 13,32 €/l "
5838,"Coca-Cola Peach, COCA-COLA ZERO, 500 ml","2,49 € 2,49 €/l "
5839,"Spordijook greibimaitseline, ARCTIC SPORT, 1,5 L","4,49 € 13,61 €/l "
5840,"Troopiliste viljade mahl 100%, DON SIMON, 1 L","0,99 € 1,98 €/l "
5841,Tume õlu Karksi Must Nunn 500 ml pudel,"1,99 € 3,98 €/l "
5842,"A. Le Coq Orange Spritz, 330 ml","0,25 €  16,45 €/kg "
5843,"Apelsini-õunajook kõrrega, PÕLTSAMAA, 200 ml","1,29 € 2,58 €/l "
5844,"Kali klassikaline, A. LE COQ, 500 ml","0,99 € 1,98 €/l "
5845,"Apelsini-mangomaitseline karboniseerimata jook, VICHY FRESH, 1,5 L","1,99 €  39,80 €/kg "
5846,"Karastusjook Sprite, SPRITE, 500 ml","1,49 € 0,99 €/l "
5847,Tanqueray Gin 70 cl,"2,69 €  2,69 €/l "
5848,"Sidrunijook karboniseeritud, AURA FRUIT, 500 ml","1,15 € 2,30 €/l "
5849,"Shake Apelsin-Pirni-Virsiku, LIMPA, 250 ml","1,29 € 3,91 €/l "
5850,"Vesi pohlamaitseline, AURA, 500 ml","0,39 €  1,95 €/l "
5851,"Limonaad Kelluke, A.LE COQ, 500 ml","0,67 € 1,34 €/l "
5852,"G:N Long Drink Grapefruit, 500 ml purk","1,09 € 0,73 €/l "
5853,"Õunamahl, CAPPY, 1 L","0,99 € 1,98 €/l "
5854,"Apelsinimahl 100%, PFANNER, 2 L","19,99 € 28,56 €/l "
5855,Franz Hoffner Riesling 75 cl,"29,90 € 42,71 €/l "
5856,"Cola Energy, DYNAMI:T, 500 ml","0,59 € 1,18 €/l "
5857,"Alkoholivaba õlu Vaarikas-Tsitrus, SAKU ON ICE, 500 ml","0,49 €  1,96 €/l "
5858,Casa Charlize Cuvée Forte Toscana Rosso IGT 75 cl,"0,49 € 0,98 €/l "
5859,"Saku Mõdu, SAKU, 500 ml","1,79 € 5,42 €/l "
5860,"Kannujook jõhvika, PÕLTSAMAA, 1 L","0,69 € 1,38 €/l "
5861,Hele õlu Leffe Blonde 330 ml pudel,"1,59 € 3,18 €/l "
5862,Dreamer Late Harvest Sweet White tetra 1 L,"3,49 €  1,75 €/l "
5863,"Õlu Saaremaa Tuulik, 500 ml purk","7,99 € 10,65 €/l "
5864,"Hele õlu Double Bock, 500 ml pudel","0,89 € 1,78 €/l "
5865,"Kannujook mustika-õuna, PÕLTSAMAA, 1 l","10,99 € 14,65 €/l "
5866,Zonin Prosecco Cuvee Brut 75 cl,"8,99 € 11,99 €/l "
5867,La Posada Organic Verdejo 300cl,"1,79 € 5,42 €/l "
5868,"X-Berry Mental Razz, STARTER, 500 ml","2,29 € 6,94 €/l "
5869,"Saku Originaal, SAKU, 500 ml","6,99 € 6,99 €/l "
5870,Bacardi Oakheart Spiced 50 cl,"0,25 €  20,00 €/kg "
5871,"Siirup Valge Klaar, A.LE COQ, 750 ml","1,29 € 2,58 €/l "
5872,"Grimbergen Blonde, 500 ml","1,99 € 3,98 €/l "
5873,"Passion Punch, BURN, 330 ml","0,69 € 2,09 €/l "
5874,"Kannujook multimahla, PÕLTSAMAA, 1 L","2,59 €  2,59 €/tk "
5875,Siider Henry Westons õuna 500 ml pudel,"3,99 € 7,98 €/l "
5876,"Allikavesi, NOVELLE, 500 ml","0,69 € 1,38 €/l "
5877,"Somersby Spritz, 330 ml","1,29 € 3,91 €/l "
5878,Torres Ibericos Crianza Rioja 75 cl,"9,99 € 13,32 €/l "
5879,Ballantine's Finest Scotch 50 cl,"1,99 €  53,07 €/kg "
5880,"Mandariinimahl värsketest mandariinidest pressitud 100%, DON SIMON, 1 L","16,99 €  33,98 €/l "
5881,"Bubbles Lemon, VICHY FRESH, 1,5 L","2,69 €  2,69 €/l "
5882,"Karastusjook Melon-Mint, AQUA LINE, 500 ml","1,09 € 0,73 €/l "
5883,"Tarhun Vaarikas, AQUA LINE, 500 ml","1,19 € 2,38 €/l "
5884,"Virsiku-viinamarjamahl 100%, DON SIMON, 1 L","1,19 € 2,38 €/l "
5885,"Gaseeritud Sidruni-laimi energiavesi, BELIEF, 530 ml","1,89 €  49,74 €/kg "
5886,"Õuna-valge viinamarja mahlajook, PÕLTSAMAA, 2 L","2,29 €  13,47 €/kg "
5887,"Saku Antvärk Cherry Brw, , 440 ml","1,79 €  0,90 €/l "
5888,"A. Le Coq Baltic Porter, , 75 cl","1,59 € 3,61 €/l "
5889,"Kombucha roheline tee sidruniga, CIVU, 400 ml","3,49 € 4,65 €/l "
5890,"Viin Delikat, NEMIROFF, 50 cl","1,99 € 4,98 €/l "
5891,Hele õlu Paulaner Hefe Weisbier 500 ml pudel,"9,99 € 19,98 €/l "
5892,"Tume õlu Tõmmu Hiid, 500 ml pudel","2,99 €  7,48 €/kg "
5893,"Granaatõunajook, AURA, 1 L","2,39 € 4,78 €/l "
5894,Captain Morgan Spiced 70 cl,"1,39 € 2,78 €/l "
5895,"Vaarika kõrrejook, LIMPA, 250 ml","1,09 €  1,09 €/l "
5896,"A.Le Coq Coctail Cuba Libre, 330 ml pudel","12,99 € 18,56 €/l "
5897,"Punase apelsinijook, PFANNER, 2 L","20,90 € 29,86 €/l "
5898,Barton & Guestier Rose D`Anjou 75 cl,"1,29 € 3,91 €/l "
5899,"Virsikunektar, AURA, 1 L","2,99 €  1,50 €/l "
5900,Gran Castillo Cabernet Sauvignon 75 cl,"3,59 €  11,81 €/kg "
5901,Absolut Vodka 50 cl,"9,99 € 13,32 €/l "
5902,"Saku Karl Friedrich Dunkel, 568 ml","1,19 €  1,19 €/l "
5903,Bombay Sapphire Dry Gin 70 cl,"5,99 € 7,99 €/l "
5904,"Looduslik mineraalvesi mullidega, HÄÄDEMEESTE, 1 L","7,99 € 10,65 €/l "
5905,Penasol Blanco 1 L,"6,99 €  13,98 €/kg "
5906,"Somersby Apple, 500 ml","14,49 €  28,98 €/l "
5907,"Mahlajook pirni-õuna, AURA FRESH, 2 L","1,49 € 2,62 €/l "
5908,Tommasi Le Rosse Pinot Grigio 75 cl,"17,99 € 25,70 €/l "
5909,"Sidrunimaitseline joogivesi, SAAREMAA, 1,5 l","0,79 € 0,79 €/l "
5910,"Tume õlu Guinness Original, 330 ml pudel","4,99 €  4,99 €/l "
5911,Gordon`s London Dry Gin 70 cl,"1,69 € 3,38 €/l "
5912,Le Grand Noir Cabernet Shiraz 3 L,"1,69 €  0,85 €/l "
5913,"Vitamiinijook Celebrate, VITAMIN WELL, 500 ml","10,99 € 14,65 €/l "
5914,"Proteiinijook Toffee, ARCTIC SPORT, 330 ml","13,99 € 18,65 €/l "
5915,"Kannujook Viinamarja-ploomi, PÕLTSAMAA, 1 L","1,89 €  58,15 €/kg "
5916,"Karastusjook Elderflower, FENTIMANS, 275 ml","0,59 € 0,39 €/l "
5917,"Fizz Original Dry, 330 ml","1,69 € 5,12 €/l "
5918,Franz Hoffner Weisswein 75 cl,"13,99 € 19,99 €/l "
5919,"Mandariininektar, AURA, 1 L","19,99 € 28,56 €/l "
5920,"Toonik Ginger Beer, FENTIMANS, 275 ml","1,89 € 3,78 €/l "
5921,Pasqua Pinot Grigio 75 cl,"1,49 €  4,52 €/l "
5922,Piqueras Syrah-Monastrell BIB 3 L,"2,59 €  2,59 €/l "
5923,"Siirup Roosa Rabarber, AURA, 750 ml","1,89 € 6,87 €/l "
5924,"Gaseerimata vesi, VITTEL, 500 ml","4,99 € 6,65 €/l "
5925,"Karastusjook Rose Lemonade, FENTIMANS, 500 ml","6,99 € 9,32 €/l "
5926,"Mustikamaitseline jook, AURA FRUIT, 500 ml","1,39 €  1,39 €/l "
5927,"Tomatimahl vürtsikas, BIG TOM, 250 ml","1,99 €  39,80 €/kg "
5928,"Viin Katyusha, LIVIKO, 50 cl","1,99 € 7,24 €/l "
5929,"Ginger Joe Stone's Mittealkohoolne Õlu, GINGER JOE, 330 ml","5,99 € 7,99 €/l "
5930,"Proteiinijook maasikamaitseline, ARCTIC, 330 ml","7,99 € 10,65 €/l "
5931,Kendermanns Riesling Kabinett 75 cl,"19,99 € 6,66 €/l "
5932,Beefeater London Dry Gin 50 cl,"1,69 €  2,25 €/l "
5933,La Gioiosa Valdobbiadene Prosecco Superiore DOCG Extra Dry 75 cl,"1,79 € 5,42 €/l "
5934,Johann Brunner Gewürztraminer Prestige 75 cl,"0,89 € 1,78 €/l "
5935,"X-otic Fruit, STARTER, 500 ml","3,29 € 6,58 €/l "
5936,Ricossa Gavi DOCG 75 cl,"0,59 € 1,18 €/l "
5937,Bacardi Oakheart Spiced 1 L,"1,99 € 7,96 €/l "
5938,"Muskaat-viinamarjamahl 100%, DON SIMON, 1 L","5,89 €  11,78 €/l "
5939,"Koolajook, FRITZ-KOLA, 330 ml","1,59 €  4,82 €/l "
5940,"Toonik, FENTIMANS, 200 ml","8,99 € 11,99 €/l "
5941,"Energiajook, XL, 250 ml","14,99 €  29,98 €/l "
5942,"Laua viin, LIVIKO, 20 cl","10,99 € 14,65 €/l "
5943,"Mustasõstranektar, LARGO, 1 L","5,99 € 7,99 €/l "
5944,"Vaarika-mustika mitmeviljanektar, PÕLTSAMAA, 1 L","7,99 € 10,65 €/l "
5945,"Virsiku-mangonektar, PÕLTSAMAA, 1 L","0,99 € 1,98 €/l "
5946,"Saku Dublin, SAKU, 500 ml","13,99 € 18,65 €/l "
5947,Le Grand Noir Sauvignon Blanc 2010 75 cl,"17,99 € 17,99 €/l "
5948,Marani Kindzmarauli 75 cl,"25,90 € 25,90 €/l "
5949,"Karastusjook Sprite kalorivaba, SPRITE, 500 ml","5,99 €  0,37 €/tk "
5950,Nerone Negroamaro Primitivo 75 cl,"1,99 € 6,03 €/l "
5951,Zonin Pinot Grigio 75 cl,"1,59 € 3,18 €/l "
5952,"Peojook Limpa Mullike, LIMPA, 750 ml","2,49 € 3,32 €/l "
5953,"Karastusjook Jaffa, HARTWALL, 500 ml","0,79 € 1,58 €/l "
5954,"Proteiinijook banaani-šokolaadimaitseline, ARCTIC, 330 ml","1,59 €  4,82 €/l "
5955,"Karastusjook Sprite, SPRITE, 1,5 L","1,49 € 0,99 €/l "
5956,Vana Tallinn 50 cl pet,"8,99 € 17,98 €/l "
5957,Santa Carolina Cellar Chardonnay 75 cl,"11,99 € 23,98 €/l "
5958,Maschio Prosecco Frizzante 75 cl,"7,99 € 10,65 €/l "
5959,"G:n Long Drink Mohhito, 1,5 L pet","6,99 € 9,32 €/l "
5960,"A.Le Coq Coctail Mojito, 330 ml pudel","6,99 € 9,32 €/l "
5961,"Tomatimahl, CAPPY, 1 L","8,99 € 11,99 €/l "
5962,Murviedro Reserva 75 cl,"3,79 € 2,53 €/l "
5963,Blue Nun Original 75 cl,"1,49 € 1,49 €/l "
5964,"Siider Kopparberg maasika-laimi, 500 ml purk","7,99 €  10,65 €/l "
5965,Pulpo Sauvignon Blanc 75 cl,"1,99 €  71,07 €/kg "
5966,"Multivitamiini nektar, CAPPY, 1 L","4,99 € 6,65 €/l "
5967,Aperol Aperatiiv 70 cl,"2,29 € 4,58 €/l "
5968,Fantini Farnese Primitivo Puglia I.G.P. 75 cl,"7,99 € 10,65 €/l "
5969,Dreamer Late Harvest Sweet Red tetra 1 L,"9,99 € 13,32 €/l "
5970,Santa Ana Caracter Chenin Chardonnay 75 cl,"1,89 € 1,89 €/l "
5971,"Mustika kõrrejook, LIMPA, 250 ml","12,99 € 18,56 €/l "
5972,"Siider Bouche Brut De Normandie, 750 ml pudel","16,99 € 24,27 €/l "
5973,Jaume Serra Castelfino Brut 75 cl,"7,49 € 9,99 €/l "
5974,"Marjajook, PÕLTSAMAA, 1 L","7,99 € 10,65 €/l "
5975,"Multivitamiininektar, LARGO, 1 L","4,99 € 4,99 €/l "
5976,"Mahlajoogikontsentraat jõhvika, KÜLLUS, 330 ml","6,99 € 6,99 €/l "
5977,Johan Freitag Gin 50 cl,"6,99 € 9,32 €/l "
5978,"Strawberry, VICHY FRESH, 1,5 L","0,19 €  13,57 €/kg "
5979,"Siider Kopparberg metsamarja, 500 ml purk","0,39 €  1,56 €/l "
5980,Zonin Prosecco Cuvee 20 cl,"4,79 € 6,39 €/l "
5981,Castellani Pinot Grigio 75 cl,"5,99 € 7,99 €/l "
5982,"Mustsõstra kontsentreeritud mahlajook, KÜLLUS, 330 ml","1,19 €  1,19 €/l "
5983,S.A.Caracter Bonarda Cabernet Sauvignon 75 cl,"1,19 €  1,19 €/l "
5984,"Õlu Uus Maailm, PÕHJALA, 330 ml","4,99 € 15,12 €/l "
5985,Casa Lunardi Soave 75 cl,"9,99 € 19,98 €/l "
5986,"Saku Antvärk Cherry Brew, SAKU ANTVÄRK, 330 ml","1,09 € 0,73 €/l "
5987,"Virsiku tee Zero, OSHEE, 555 ml","2,29 € 4,58 €/l "
5988,J.Walker Red Label 70 cl,"2,99 € 14,95 €/l "
5989,"Barone Montalto Pinot Grigio, 300 cl","3,69 € 18,45 €/l "
5990,Barone Montalto Passivento Rosso 75 cl,"6,49 € 8,65 €/l "
5991,"Mineraalvesi sportkorgiga, VENDEN, 750 ml","7,99 € 10,65 €/l "
5992,Monte Cristo Red 75 cl,"5,79 €  11,58 €/kg "
5993,Moe mahe viin 70 cl,"4,49 € 5,99 €/l "
5994,"Vesi Perrier, PERRIER , 500 ml","6,99 € 9,32 €/l "
5995,"A.Le Coq Coctail Watermelon Margarita, 330 ml pudel","1,99 € 6,03 €/l "
5996,"Botanical Tonic Water, FENTIMANS, 200 ml","3,59 €  3,59 €/l "
5997,"Roheline jäätee meega, ARIZONA, 500 ml","5,89 €  0,37 €/tk "
5998,"Vaarikamaitseline mahlasiirup, AURA, 750 ml","5,99 € 7,99 €/l "
5999,"Kombucha kõrvik, CIVU, 400 ml","7,99 € 10,65 €/l "
6000,Hele õlu Karl Friedrich 500 ml pudel,"1,49 € 4,52 €/l "
6001,Beefeater London Dry Gin 70 cl,"0,89 € 1,60 €/l "
6002,Bonacchi Chianti Riserva 75 cl,"14,99 € 21,41 €/l "
6003,Maison Castel Rose d'Anjou 75 cl,"23,90 € 34,14 €/l "
6004,"Õlu Muddis Golden Ale, 330 ml pudel","19,99 € 6,66 €/l "
6005,"Cooler Sour Rhubarb, 275 ml","23,90 € 7,97 €/l "
6006,Casa Lunardi Pinot Grigio DOC Venezie 75 cl,"12,99 €  17,32 €/l "
6007,"Jõhvika-granaatõunajook, PÕLTSAMAA, 1 L","3,99 € 5,32 €/l "
6008,Bacardi Breezer Orange 275 ml,"4,99 € 6,65 €/l "
6009,Maschio Pinot Rosa Frizzante 75 cl,"1,79 € 6,39 €/l "
6010,"Õuna-valge viinamarja nektar, PÕLTSAMAA, 200 ml","12,99 € 18,56 €/l "
6011,"Energiajook Energy, COCA-COLA, 250 ml","0,99 € 1,98 €/l "
6012,"Viin, SAAREMAA, 20 cl","1,29 € 3,91 €/l "
6013,Canti Gavi 75 cl,"1,39 € 6,95 €/l "
6014,Saaremaa Dry Gin 70 cl,"1,49 € 2,98 €/l "
6015,"Karboniseeritud mineraalvesi Mündi, NEPTUNAS, 500 ml","1,59 €  2,12 €/l "
6016,"Põhjala Orange Gose, 330 ml","1,99 € 4,98 €/l "
6017,"Limonaad Multivitamiini, LIMONAAD, 330 ml","1,29 € 2,58 €/l "
6018,Gran Castillo Selection Shiraz 75 cl,"19,99 € 28,56 €/l "
6019,"Kopparbergs pirni, 500 ml purk","7,99 € 10,65 €/l "
6020,"Toonik Connoisseurs, FENTIMANS, 500 ml","10,99 € 14,65 €/l "
6021,Hele õlu Saku Kuld 330 ml pudel,"7,99 €  10,65 €/l "
6022,"Looduslike mineraalidega vesi mullidega, HÄÄDEMEESTE, 1 L","1,99 € 6,03 €/l "
6023,"Multivitamiininektar, PFANNER, 2 L","1,39 € 5,05 €/l "
6024,Giacondi Pinot Grigio Terre Siciliane 75 cl,"5,99 € 7,99 €/l "
6025,"Imperial Extra Double Stout, A. LE COQ, 400 ml","7,99 € 10,65 €/l "
6026,La Posada Tempranillo Organic 300cl,"1,19 €  1,19 €/l "
6027,"Karastusjook Kane`s Carmel Valley Chop, KANE'S, 330 ml","1,89 € 6,87 €/l "
6028,"Virsikunektar, CIDO, 1 L","0,59 €  2,95 €/l "
6029,Le Grand Noir GSM 75 cl,"1,59 € 5,68 €/l "
6030,Luigi Gighetti Valpolicella Ripasso CampoliettiI 75 cl,"4,49 € 22,45 €/l "
6031,"Apelsinimahl Brasilien 100%, PFANNER, 2 l","4,49 €  2,25 €/l "
6032,Ricossa Barbera Appassimento DOC 75 cl,"10,99 € 14,65 €/l "
6033,"Karksi Punane Papp, 500 ml","14,99 € 19,99 €/l "
6034,"Rabarberi ökolimonaad, FRITZ-SPRITZ, 330 ml","1,49 € 2,98 €/l "
6035,"Kombucha kummelitee, CIVU, 400 ml","1,99 €  62,19 €/kg "
6036,"Kirsi,õuna,aroonia mahlajook, AURA FRESH, 2 L","1,99 € 4,98 €/l "
6037,"Tanker Reloaded, , 440 ml","1,69 €  0,85 €/l "
6038,Castellani Chianti 75 cl,"2,99 € 6,80 €/l "
6039,Baron Rosen Vino Tinto 100 cl,"6,49 € 8,65 €/l "
6040,"Energiajook Energy Zero, COCA-COLA ZERO, 250 ml","4,29 € 4,29 €/l "
6041,"Vaniljemaitseline kohvijook, MONSTER ESPRESSO, 250 ml","5,49 € 5,49 €/l "
6042,"Kokteilijook Laimi, SINEBRYCHOFF, 330 ml","2,69 € 10,76 €/l "
6043,"Zero Punane greip sportkorgiga, ARCTIC SPORT, 750 ml","2,69 € 10,76 €/l "
6044,"Shot Ingver, RYNKEBY, 500 ml","5,89 €  0,37 €/tk "
6045,Casa Charlize Primitivo Puglia IGT 75 cl,"0,99 € 3,00 €/l "
6046,"Greip sportkorgiga, ARCTIC SPORT, 750 ml","1,09 € 1,45 €/l "
6047,"Alkoholivaba õlu Oettinger, GOLDBERGER, 500 ml","9,99 €  13,32 €/l "
6048,Piccini Chianti 75 cl,"1,09 € 1,45 €/l "
6049,"Sinebrychoff Grapefruit, 500 ml","6,29 €  13,98 €/kg "
6050,Villa Maria Private Bin Sauvignon Blanc 75 cl,"0,69 € 1,38 €/l "
6051,"Peojook Valge Klaar, VALGE KLAAR, 750 ml","7,99 €  10,65 €/l "
6052,"Päikesemarja mustsõstra siirup, PÄIKESEMARJA, 500 ml","1,49 € 2,98 €/l "
6053,Maschio MDC Valdobbiadene Prosecco Brut 75 cl,"13,99 €  18,65 €/l "
6054,"Õlu Tuborg, 500 ml","2,49 € 3,32 €/l "
6055,Barton & Guestier Pinot Noir Reserve 75 cl,"1,99 €  3,98 €/l "
6056,"Astelpajunektar, SEMU, 500 ml","1,49 € 2,98 €/l "
6057,"Le Grand Noir Cabernet-Syrah 18,7 cl","7,49 € 9,99 €/l "
6058,La Gioiosa Rose Vino Spumante Brut 75 cl,"9,99 € 13,32 €/l "
6059,"Saku Pilsner, SAKU, 500 ml","1,59 €  15,90 €/kg "
6060,"Sidruni-laimimaitseline jook gaseerimata, VICHY FRESH, 500 ml","2,79 €  5,58 €/l "
6061,"Kuivatatud ploomi mahl, RYNKEBY, 1 L","1,79 € 9,57 €/l "
6062,SilverLake Sauvignon Blanc 75 cl,"2,29 € 12,25 €/l "
6063,"Õlu Paulaner Original Münchner, 500 ml","8,49 € 11,32 €/l "
6064,"NULL Barbara, MULL°, 75 cl","0,59 € 1,18 €/l "
6065,"Espresso kohvijook piimaga, MONSTER ESPRESSO, 250 ml","11,99 €  15,99 €/l "
6066,"Disfruta Ananassi mahlajook, DON SIMON, 1,5 L","2,49 € 4,98 €/l "
6067,"Õlu Muddis Indian Pale Ale, 330 ml pudel","3,59 €  224,38 €/kg "
6068,Maschio Prosecco Spumante Extra Dry 20 cl,"6,49 € 8,65 €/l "
6069,"Mahlajook Õuna-Vaarika, DR. ACTIVE, 500 ml","15,49 €  15,49 €/kg "
6070,"Somersby Blackberry, 500 ml","2,69 € 10,76 €/l "
6071,Robertson Sauvignon Blanc 75 cl,"1,39 €  13,90 €/kg "
6072,Sinebrychoff Long Drink Jõhvikas 500 ml,"1,99 € 6,03 €/l "
6073,Henkell Trocken Dry Sec 75 cl,"3,29 €  16,45 €/l "
6074,"Pirnimaitseline mahlasiirup, AURA, 750 ml","0,89 € 1,78 €/l "
6075,Tullamore Dew Irish Whisky 70 cl,"6,49 € 8,65 €/l "
6076,Fantini Farnese Pinot Grigio 75 cl,"7,99 € 10,65 €/l "
6077,Beefeater Pink Gin 70 cl,"1,25 € 2,50 €/l "
6078,Ibis brändi X.O 50 cl pet,"1,59 € 3,18 €/l "
6079,Jägermeister 70 cl,"6,49 €  8,65 €/l "
6080,Jägermeister 50 cl,"1,59 €  2,12 €/l "
6081,Hele õlu Carlsberg 500 ml purk,"2,99 € 11,96 €/l "
6082,"Mahlajook jõhvika, AURA FRESH, 2 L","2,39 €  59,75 €/kg "
6083,"Proteiinijook šokolaadi-kreatiini, ARCTIC SPORT, 330 ml","24,90 €  35,57 €/l "
6084,"Vesi Still, VICHY, 1,5 L","7,99 € 10,65 €/l "
6085,Aramis VSOP 50 cl,"15,99 € 22,84 €/l "
6086,"Õlu Väike India, LEHE PRUULIKODA, 330 ml pudel","21,90 € 31,29 €/l "
6087,"Smirnoff Ice, 700 ml","13,99 €  27,98 €/l "
6088,Franz Hoffner Riesling Premium 75 cl,"1,59 € 3,18 €/l "
6089,Torres San Valentin Parellada 75 cl,"0,59 € 0,39 €/l "
6090,Le Grand Noir Chardonnay/Viogner 2010 75 cl,"7,99 € 15,98 €/l "
6091,"Õlu Hoegaarden White, HOEGAARDEN, 330 ml pudel","3,99 € 5,70 €/l "
6092,"Pühaste Mosaiik, 330 ml","4,69 € 6,70 €/l "
6093,"Muu alk. jook Red Orange, G:N, 1,5 L","2,49 €  49,80 €/kg "
6094,"Cooler Dark Cherry, 275 ml","1,79 €  35,80 €/kg "
6095,Mulin Spritz 75 cl,"5,99 €  7,99 €/l "
6096,Hele õlu Estrella Damm 500 ml purk,"9,99 € 13,32 €/l "
6097,Karu Chardonnay 75 cl,"2,99 € 11,96 €/l "
6098,"Viin, SAAREMAA, 100 cl","1,99 €  19,90 €/kg "
6099,Robertson Chardonnay 75 cl,"6,99 € 9,32 €/l "
6100,"Tomatimehu, MAHLAKAS, 480 ml","6,99 € 9,32 €/l "
6101,Jameson Irish Whiskey 50 cl,"8,99 € 11,99 €/l "
6102,"Purtse Metsik Ida IPA, 330 ml","2,59 € 7,85 €/l "
6103,"Õlu Warsteiner Premium, 500 ml","1,59 € 3,18 €/l "
6104,"Rose maasika ja rabarberiga, MULL°, 75 cl","6,49 € 8,65 €/l "
6105,Siider Henry Westons pirni 500 ml pudel,"3,99 € 7,98 €/l "
6106,Liköör Vana Tallinn 20 cl,"4,99 €  24,95 €/l "
6107,Bach Extrisimo Brut 75 cl,"6,49 € 8,65 €/l "
6108,"SFF Lime, SINEBRYCHOFF, 500 ml","8,99 € 11,99 €/l "
6109,Giacondi Prosecco Extra Dry 75 cl,"2,79 € 3,72 €/l "
6110,"Starõi Melnik Iz Botshonka Mjagkoje, , 450 ml","7,49 € 9,99 €/l "
6111,"Metsamarjamaitseline kontsentraat(suhkruvaba), MIKAADO, 500 ml","10,99 € 14,65 €/l "
6112,"Crumpton Oaks Apple, 500 ml","1,49 € 3,31 €/l "
6113,"Viinamarja-Aloe Vera Mahlajook, 250 ml, TYMBARK","1,09 €  2,18 €/l "
6114,Hennessy V.S. karbis 70 cl,"1,79 € 3,58 €/l "
6115,Moselland Riesling Kabinett 75 cl,"0,79 € 3,16 €/l "
6116,"Pipra Naps, LIVIKO, 35 cl","29,90 € 42,71 €/l "
6117,"Viin, VIRU VALGE 50 cl","39,90 € 57,00 €/l "
6118,"Mahlajook õuna-pirni, CAPPY, 1,5 L","6,49 € 8,65 €/l "
6119,Törley Charmant 75 cl,"7,99 € 10,65 €/l "
6120,"Aloe Vera jook, OKF, 1,5 L","6,99 € 19,97 €/l "
6121,"Õlu Erdinger Weissbier, 500 ml","8,99 €  17,98 €/l "
6122,Caribba Negro 1 L,"5,49 €  7,32 €/l "
6123,Old Tbilisi Alazani 75 cl,"5,99 €  0,37 €/tk "
6124,Baileys Irish Cream 50 cl,"3,29 € 2,19 €/l "
6125,Segura Viudas Cava Brut Reserva 75 cl,"2,49 € 4,98 €/l "
6126,"Ananassimahl 100%, DIMES, 1 l","2,19 €  54,75 €/kg "
6127,Aramis VS 50 cl,"18,99 € 18,99 €/l "
6128,Lindemans Rel.Shiraz Cab.Sauv. 75 cl,"6,99 €  9,32 €/l "
6129,Gran Castillo Shiraz 75 cl,"11,99 €  15,99 €/l "
6130,Contarini Prosecco Treviso 75 cl,"2,49 €  2,49 €/l "
6131,Torres San Valentin Parellada BIB 3 L,"2,99 €  29,90 €/kg "
6132,Zonin Primitivo Puglia IGT 75 cl,"8,99 € 17,98 €/l "
6133,Viin Zeljonaja Traditsonnaja 50 cl,"6,49 € 8,65 €/l "
6134,"Siirup jõhvikamaitseline, HELIIS, 1,5 L","7,99 € 10,65 €/l "
6135,Gran Castillo Viura Chardonnay 75 cl,"3,99 €  14,25 €/kg "
6136,Chic Barcelona Brut Cava 75 cl,"7,49 € 9,99 €/l "
6137,"Jook Aloe Vera, OKF, 500 ml","8,99 € 11,99 €/l "
6138,"I heart Pinot Grigio 18,7 cl","29,90 € 9,97 €/l "
6139,Old Gruzia Alaverdi Red 75 cl,"3,99 €  15,96 €/kg "
6140,Plantation Original Dark Rum 70 cl,"8,99 € 11,99 €/l "
6141,"Earl Grey tee sidruniga, OSHEE, 555 ml","10,99 € 14,65 €/l "
6142,Allram Villa Strass Grüner Veltliner 75 cl,"7,99 € 15,98 €/l "
6143,Whistling Track Sauvignon Blanc 75 cl,"10,99 € 21,98 €/l "
6144,Villa Sandi Valdobbiadene Prosecco Superiore 75 cl,"2,69 €  1,79 €/l "
6145,Johan Freitag Vodka 50 cl,"5,99 € 7,99 €/l "
6146,Barton & Guestier Cabernet Sauv. 75 cl,"7,99 € 10,65 €/l "
6147,"Aloe Vera jook mango maitseline, ALEO, 1,5 L","2,99 € 11,96 €/l "
6148,"Mahlajook multivitamiini, CAPPY, 1,5 L","9,99 € 13,32 €/l "
6149,Franz Hoffner Riesling 300cl,"2,19 €  73,00 €/kg "
6150,"Ananassimahl 100%, SANTAL, 1 L","2,09 €  11,18 €/l "
6151,Hele õlu Bud Genuine 330 ml pudel,"0,99 € 4,95 €/l "
6152,Barton & Guestier Sauvignon Blanc Reserve 75 cl,"7,99 € 10,65 €/l "
6153,Captain Morgan Spiced Gold 50 cl,"21,90 €  31,29 €/l "
6154,Absolut Vodka 70 cl,"0,89 € 1,60 €/l "
6155,"Viin jõhvikamaitseline, NIPERNAADI, 20 cl","6,99 € 13,98 €/l "
6156,Bacardi Breezer Watermelon 275 ml,"7,99 € 15,98 €/l "
6157,Aramis VSOP 20 cl,"6,99 € 9,32 €/l "
6158,"Le Grand Noir Sauvignon Blanc 18,7 cl","8,99 € 11,99 €/l "
6159,"Spordijook rohelise tee, FAT BURNER, 500 ml","2,69 € 10,76 €/l "
6160,Tommasi Graticcio Appassionato 75 cl,"2,29 € 1,53 €/l "
6161,Hele õlu Saku Originaal 330 ml purk,"1,49 € 0,99 €/l "
6162,"Disfruta Apelsini mahlajook, DON SIMON, 1,5 L","21,90 € 7,30 €/l "
6163,Brändi Imperial XII VSOP 50 cl,"1,99 €  1,99 €/l "
6164,Bacardi Breezer Lime 275 ml,"1,29 € 3,91 €/l "
6165,El Coto Crianza 75 cl,"8,99 € 11,99 €/l "
6166,"Vesi Still, VICHY, 500 ml","15,99 € 31,98 €/l "
6167,"Mango-Apelsini Mahlajook, 250 ml, TYMBARK","13,99 € 19,99 €/l "
6168,"Tanker Sauna Session, , 440 ml","19,99 € 28,56 €/l "
6169,"Cooler Blackcurrant, , 275 ml","1,79 €  44,75 €/kg "
6170,Monte Cristo Rose 75 cl,"3,99 € 5,32 €/l "
6171,Laroche Chablis 75 cl,"1,79 €  49,72 €/kg "
6172,Chapel-Hill Rhine Riesling 75 cl,"15,99 € 21,32 €/l "
6173,"Granini Õunamahl, GRANINI, 1 l","22,90 € 30,53 €/l "
6174,Hartwall Original LD Lemon 330 ml,"4,49 € 5,99 €/l "
6175,"Premium tomatimahl, DON SIMON, 200 ml","2,49 € 2,49 €/l "
6176,"Metsvaarikamaitseline siirup, HELIIS, 500 ml","4,99 € 6,65 €/l "
6177,"Õlu Double Bock, 1 L","3,49 €  7,76 €/kg "
6178,"Laua viin, LIVIKO, 70 cl","1,29 € 3,91 €/l "
6179,"VITAMIN SPORT, VICHY, 1,5 l","1,29 €  2,58 €/l "
6180,"Alkoholivaba siider Pear, SOMERSBY, 500 ml","1,89 €  58,15 €/kg "
6181,Dreamer Late Harvest Chardonnay 75 cl,"7,99 €  31,96 €/kg "
6182,Törley Fortuna 75 cl,"1,79 €  55,94 €/kg "
6183,"Draakon Maasika-õuna vahujook, PÕLTSAMAA, 750 ml","3,99 €  0,22 €/tk "
6184,La Mura Organic Pinot Grigio 75 cl,"0,99 € 1,98 €/l "
6185,"Õlu Saku Taurus, 500 ml","4,99 € 6,65 €/l "
6186,Torres Gran Coronas Cabernet 75 cl,"6,99 € 9,32 €/l "
6187,"Tume õlu Newcastle Brown Ale, 330 ml pudel","4,49 € 5,99 €/l "
6188,"Maitsevesi Near Water Aura Fruit Maasikas-Basiilik, AURA FRUIT, 500 ml","5,39 € 7,19 €/l "
6189,"Kronenbourg 1664 Blanc, 330 ml","2,89 € 3,85 €/l "
6190,"Põhjala Meri, Gose, PÕHJALA, 330 ml","6,49 € 8,65 €/l "
6191,"Jõhvikamahlajook, LARGO, 1 L","7,99 € 10,65 €/l "
6192,"Maltoosa, 1,200 kg","1,29 € 2,58 €/l "
6193,Chapel Hill Pinot Grigio 75 cl,"10,99 € 14,65 €/l "
6194,Robertson Shiraz 75 cl,"14,99 € 19,99 €/l "
6195,"Köögiviljamahl, PÕLTSAMAA, 1 l","2,09 € 6,33 €/l "
6196,"Juissi apelsini-mango mahlajook, MARLI, 1 L","0,59 € 1,18 €/l "
6197,Bollino Bianco Sweet 75 cl,"1,19 € 3,61 €/l "
6198,Zonin Ventiterre Valpolicella 75 cl,"2,29 € 6,94 €/l "
6199,"Värska Originaal 6-pakk, gaseeritud, VÄRSKA, 6 x 1,5 L","0,99 €  0,99 €/l "
6200,"Chill Out Chenin Blanc 1,5 L","4,99 €  4,16 €/kg "
6201,"Kirsimaitseline siirup, HELIIS, 500 ml","5,59 €  7,45 €/l "
6202,Cesari Chianti DOCG 75 cl,"1,29 €  1,29 €/l "
6203,Freixenet Cordon Negro Brut 75 cl,"1,29 €  1,29 €/l "
6204,"VITAMIN SPORT, VICHY, 750 ml","4,99 €  6,65 €/l "
6205,Freixenet Prosesecco 75 cl,"6,99 € 0,78 €/l "
6206,"Draakoni vaarika-mustikajook kõrrega, PÕLTSAMAA, 200 ml","10,99 € 7,33 €/l "
6207,Cosmopolitan Diva 75 cl,"12,99 € 8,66 €/l "
6208,El Coto Rioja Blanco 75 cl,"1,29 €  2,58 €/l "
6209,"Cooler Green Apple, COOLER, 275 ml","1,79 € 6,39 €/l "
6210,Russian Standard Vodka 50 cl,"6,49 € 12,98 €/l "
6211,Russian Standard Vodka 1 L,"7,49 € 9,99 €/l "
6212,Martini Prosecco 75 cl,"9,99 € 13,32 €/l "
6213,Piccini Memoro Rosso 75 cl,"9,99 €  13,32 €/l "
6214,Murviedro Colecction Sauvignon Blanc 2011 75 cl,"14,99 €  14,99 €/kg "
6215,Lindemans Chardonnay 75 cl,"13,99 €  18,65 €/l "
6216,Siider Henry Westons Medium Dry 500 ml pudel,"0,39 €  1,95 €/l "
6217,"Apelsinimahl, PÕLTSAMAA, 200 ml","5,49 € 7,32 €/l "
6218,"Peroni Mastro Azzurro, 330 ml","7,49 € 9,99 €/l "
6219,"Aprikoosinektar, SANTAL, 1 L","9,99 € 13,32 €/l "
6220,"Nerone Negroamaro Primitivo BIB 13%vol, 3L","1,39 € 5,05 €/l "
6221,Mulin Rabarber 75 cl,"12,99 €  12,99 €/tk "
6222,Monte Cristo White 75 cl,"19,99 € 19,99 €/l "
6223,"Siider Fizz Blueberry, 500 ml purk","26,90 € 26,90 €/l "
6224,Vallotaj Prosecco 75 cl,"10,99 €  14,65 €/l "
6225,Renaissance Hors D'Age X.O Pet 50 cl,"8,99 €  11,99 €/l "
6226,"Sidrunimatiseline gaseeritud vesi, VÄRSKA, 500 ml","12,99 €  12,99 €/kg "
6227,Vana Tallinn Original Cream 20 cl,"7,49 €  9,99 €/l "
6228,Tommasi Rafael Valpolicella Classico Superiore 75 cl,"2,19 €  60,83 €/kg "
6229,"Devils Bit Mountain Cider, 500 ml","6,49 € 8,65 €/l "
6230,Casa Charlize Toscana Bianco IGT 75 cl,"7,99 € 10,65 €/l "
6231,Jägermeister 20 cl,"3,99 € 7,98 €/l "
6232,Bacardi Carta Blanca 35 cl,"0,59 €  2,95 €/l "
6233,"G:N Pink Grapefruit, 1,5 L","1,79 €  1,79 €/l "
6234,"Laste vahujook Tom & Jerry, DISNEY, 750 ml","19,99 €  6,66 €/l "
6235,Martini Asti DOCG 20 cl,"5,99 €  7,99 €/l "
6236,Karu Cabernet Sauvignon 75 cl,"3,99 € 5,32 €/l "
6237,"Torres Altos Ibericos Crianza 18,7 cl","4,99 € 6,65 €/l "
6238,"Aprikoosinektar, PFANNER, 1L","8,99 € 17,98 €/l "
6239,"Saku Pilsner, 500ml","10,99 € 21,98 €/l "
6240,Dreamer Late Harvest Cabernet Sauvignon 75 cl,"0,79 € 1,58 €/l "
6241,Törley Muscateller 75 cl,"3,49 €  17,45 €/l "
6242,Vana Tallinn Ice Cream 50 cl,"6,99 € 13,98 €/l "
6243,Think Big Zinfandel 75 cl,"7,99 € 15,98 €/l "
6244,Vana Tallinn Cream 50 cl,"7,99 € 10,65 €/l "
6245,Bushmills Original 70 cl,"9,99 € 13,32 €/l "
6246,Dreamer Late Harvest Rose 75 cl,"6,99 € 13,98 €/l "
6247,Cesari Merlot Delle Venezie Essere 75 cl,"16,99 € 24,27 €/l "
6248,Piccini Chianti Riserva DOCG 75 cl,"25,90 € 37,00 €/l "
6249,Baron Rosen Riesling 75 cl,"4,99 € 6,65 €/l "
6250,"Õlu Must kuld, PÕHJALA, 330 ml pudel","6,99 €  27,96 €/kg "
6251, J.P. Chenet Fashion Strawberry & Rasberry 75 cl,"7,99 € 10,65 €/l "
6252,Kingsmill Gin 50 cl,"4,99 € 6,65 €/l "
6253,"Viin, VIRU VALGE, 35 cl","6,99 € 9,32 €/l "
6254,"Viin, VIRU VALGE, 20 cl","4,99 € 6,65 €/l "
6255,Chapel Hill Grüner Veltliner 75 cl,"2,59 € 7,85 €/l "
6256,Santa Ana Sauvignon Blanc 75 cl,"12,49 €  12,49 €/kg "
6257,Vina Albali Verdejo 75 cl,"6,49 € 8,65 €/l "
6258,Marques de Riscal Rueda 75 cl,"8,99 € 11,99 €/l "
6259,"Spritz Ginger, SCHWEPPES, 200 ml","9,99 €  19,98 €/l "
6260,"Ice Cold Sparkling White, LUNA DE MURVIEDRO, 75 cl","4,99 € 14,26 €/l "
6261,"Alkoholivaba Glögi, PÕLTSAMAA, 1 L","6,49 € 18,54 €/l "
6262,Metaxa 5* 50 cl,"4,49 €  22,45 €/l "
6263,Italo Cescon Raboso 75 cl,"4,49 € 5,99 €/l "
6264,Anciano Tempranillo Gran Reserva 75 cl,"4,99 € 6,65 €/l "
6265,Conde Villar Vinho Verde Branco 75 cl,"6,99 € 9,32 €/l "
6266,Viru Valge Hõbe Vodka 70 cl,"5,49 € 7,32 €/l "
6267,Scottish Leader 20 cl,"6,99 € 9,32 €/l "
6268,Bach Extrisimo Semi-Seco 75 cl,"7,99 € 10,65 €/l "
6269,Vitis Nostra Pinot Grigio 75 cl,"1,29 €  1,29 €/l "
6270,Cavas Hill 1887 Brut Cava 75 cl,"12,99 € 25,98 €/l "
6271,Lan Rioja Reserva 75 cl,"16,99 € 33,98 €/l "
6272,Siider Brothers Metsamarja 500 ml pudel,"9,99 € 13,32 €/l "
6273,"Õlu Desperados, 330 ml pudel","7,99 €  10,65 €/l "
6274,Vana Tallinn 100 cl,"13,99 € 19,99 €/l "
6275,"Estrella Damm, 330 ml","17,99 € 25,70 €/l "
6276,Australian Bush Colombard Chardonnay 75 cl,"5,99 €  29,95 €/l "
6277,"Siider Fizz Sweet Pear, 500 ml purk","6,49 € 8,65 €/l "
6278,Captain Morgan Spiced Rum 1 L,"8,99 € 11,99 €/l "
6279,Baron Rosen Pinot Grigio 75 cl,"14,99 €  14,99 €/kg "
6280,Murviedro Coleccion Syrah 75 cl,"2,99 € 11,96 €/l "
6281,Koskenkorva Vodka 50 cl,"4,99 €  24,95 €/kg "
6282,Hennessy V.S. 35 cl,"5,99 € 7,99 €/l "
6283,Ballantine's Finest Scotch 70 cl,"17,59 €  23,45 €/l "
6284,Freixenet Carta Nevada 75 cl,"1,99 €  66,33 €/kg "
6285,Õlu Krombacher Pils 500 ml pudel,"2,19 €  73,00 €/kg "
6286,Aramis XO 20 cl,"2,99 € 5,98 €/l "
6287,"Õlu Öö, PÕHJALA, 330 ml","2,19 € 6,64 €/l "
6288,Barton & Guestier Cotes de Provence Rose 75 cl,"19,99 €  19,99 €/l "
6289,Veuve du Vernay Ice Rose 75 cl,"1,29 € 3,91 €/l "
6290,Veuve du Vernay Ice 75 cl,"1,59 € 4,82 €/l "
6291,La Conda Chardonnay 75 cl,"6,99 €  9,32 €/l "
6292,Hele õlu Kirin Ichiban 330ml pudel,"1,69 € 3,38 €/l "
6293,Liköör Vana Tallinn 50 cl,"5,49 €  10,98 €/l "
6294,"Viin, VIRU VALGE , 70 cl","6,99 €  9,32 €/l "
6295,"Coca-Cola 6-pakk, COCA-COLA, 6 x 330 ml","7,49 €  9,99 €/l "
6296,Italo Cescon Pinot Bianco 75 cl,"3,99 €  0,22 €/tk "
6297,Zeljonaja Marka Traditsionnaja 35 cl,"1,59 € 5,68 €/l "
6298,"Mustsõstranektar, AURA, 1 L","19,99 €  57,11 €/l "
6299,"High Protein batoon maasikas, FAST, 35 g","1,59 €  45,43 €/kg "
6300,"Viin, SAAREMAA, 50 cl","22,90 € 32,71 €/l "
6301,Bacardi Carta Blanca 1 L,"9,99 €  13,32 €/l "
6302,Fresita 75 cl,"5,29 €  17,63 €/kg "
6303,"Õlu Leffe Blonde, LEFFE, 750 ml pudel","4,49 €  22,45 €/l "
6304,Vana Tallinn Wild Spices 50 cl,"11,99 € 15,99 €/l "
6305,"Cape White, PEARLY BAY, 300 cl","14,99 € 19,99 €/l "
6306,Caribba Negro 50 cl,"6,49 € 8,65 €/l "
6307,"Viin Osobaya, MOSKOVSKAYA , 50 cl","8,99 € 11,99 €/l "
6308,Old Tbilisi Alazani White 75 cl,"6,49 € 8,65 €/l "
6309,J.Walker Red Label 50 cl,"8,99 € 11,99 €/l "
6310,"Cooler Tropical Orange, COOLER, 275 ml","6,99 € 9,32 €/l "
6311,Andrew's Estate Premium Cuvée Shiraz 75 cl,"2,09 € 6,33 €/l "
6312,Caribba Blanco 1 L,"9,99 € 19,98 €/l "
6313,"Viski Grants`s Triple Wood, 100 cl","18,99 € 18,99 €/l "
6314,Törley Talisman 75 cl,"28,90 € 28,90 €/l "
6315,Cesari Soave DOC 75 cl,"5,39 €  7,19 €/l "
6316,Tommasi Ripasso Valpolicella 75 cl,"6,49 € 8,65 €/l "
6317,Ibis brändi X.O. 70 cl,"22,90 € 30,53 €/l "
6318,Zeljonaja Marka Kedrovaja 50 cl,"1,99 €  19,90 €/kg "
6319,Robertson Chenin Blanc 75 cl,"14,99 € 21,41 €/l "
6320,Santa Carolina Cellar Cabernet Sauvignon 75 cl,"18,99 € 27,13 €/l "
6321,Lambrusco Reggiano Amabile 75 cl,"7,99 € 15,98 €/l "
6322,Õlu Õllenaut Kuldne Eil 330 ml,"10,99 € 21,98 €/l "
6323,"Õunamahlajook+üllatus, SUPRISE DRINKS, 300 ml","8,99 € 17,98 €/l "
6324,Tommasi Le Volpare Soave 75 cl,"10,99 € 21,98 €/l "
6325,Jim's Creek Chardonnay 75 cl,"6,49 € 8,65 €/l "
6326,"Aloe Vera jook maasikaga, ALOE, 1,5 L","5,49 € 7,32 €/l "
6327,Valckenberg Riesling Trocken 75 cl,"6,99 € 9,32 €/l "
6328,Jägermeister 35 cl,"6,99 €  9,32 €/l "
6329,"Laua viin, LIVIKO, 100 cl","2,29 € 6,94 €/l "
6330,Teliani Kindzmarauli 75 cl,"13,99 €  18,65 €/l "
6331,Old Gruzia Saperavi 75 cl,"5,49 € 7,32 €/l "
6332,"Multimahlajook üllatusmunaga, SUPRISE DRINKS, 300 ml","6,99 € 9,32 €/l "
6333,J.P.Chenet Ice Sparkling Rose 75 cl,"15,99 €  15,99 €/kg "
6334,"Õlu Muddis Saison sparkling Ale, 750 ml pudel","2,29 € 1,53 €/l "
6335,"Õlu Crafty Dan 13 Guns, CRAFTY DAN, 330 ml pudel","9,99 €  13,32 €/l "
6336,Devils Rock Riesling 75 cl,"10,99 € 31,40 €/l "
6337,Gran Castillo Selection Sauvignon Blanc 75 cl,"12,99 €  12,99 €/l "
6338,Penasol Tinto 1 L,"6,49 € 12,98 €/l "
6339,Feudi di San Marzano Sessantanni Old Vines Primitivo di Manduria 75 cl,"9,99 € 13,32 €/l "
6340,Õlu Kona Big Wave 355 ml pudel,"11,99 € 15,99 €/l "
6341,"Alkoholivaba vahuvein Cosmopolitan Diva, COSMOPOLITAN, 750 ml","6,49 € 8,65 €/l "
6342,Gin Hendrick`s 70 cl,"1,29 € 4,30 €/l "
6343,"Pipra Naps, LIVIKO, 50 cl","6,49 € 8,65 €/l "
6344,"High Protein batoon kookos, FAST, 35 g","1,59 €  45,43 €/kg "
6345,J.P. Chenet XO Brandy 50 cl,"2,79 € 8,45 €/l "
6346,Scottish Leader Whiskey 70 cl,"6,49 € 8,65 €/l "
6347,Gato Negro Chardonnay 75 cl,"6,49 € 8,65 €/l "
6348,Tommasi Valpolicella Classico Superiore 75 cl,"8,99 € 11,99 €/l "
6349,"Mahe mustasõstramahl, LOODUSVÄGI, 500 ml","4,99 €  4,99 €/l "
6350,Liköör Vana Tallinn 100 50 cl,"24,90 € 33,20 €/l "
6351,La Posada Tempranillo Organic 75 cl,"29,90 € 39,87 €/l "
6352,"HULGI Menestrello Prosecco 6-kast, 6 x 75cl","3,99 € 5,32 €/l "
6353,"Virgin Bellini White Beach, CIPRIANI, 185 ml","3,19 €  12,76 €/kg "
6354,Konjak Chateau de Montifaud VSOP Tube 70 cl,"29,90 € 42,71 €/l "
6355,J.P.Chenet X.O. Brandy 20 cl,"41,90 € 59,86 €/l "
6356,"Blue Nun alkoholivaba, BLUE NUN, 750 ml","7,99 €  15,98 €/l "
6357,Jack Daniel's Tennessee Whiskey 50 cl,"1,79 €  55,94 €/kg "
6358,Jim Beam Bourbon 50 cl,"15,99 € 31,98 €/l "
6359,Anciano 5 Years Tempranillo Reserva 75 cl,"5,69 €  28,45 €/kg "
6360,Siider Brothers Toffee Õun 500 ml pudel,"17,99 €  25,70 €/l "
6361,Leth Riesling & Veltliner Duett 75 cl,"3,29 €  32,90 €/kg "
6362,Santiago de Chile Cabernet-Carmenere 75 cl,"5,49 € 7,32 €/l "
6363,Sileni Cellar Selection Sauvignon Blanc Marlborough 75 cl,"6,99 € 9,32 €/l "
6364,"Viin Lux, RUSSIAN SIZE, 70 cl","13,99 €  18,65 €/l "
6365,"Mineraalvesi piparmünt, VÄRSKA MINERAALVESI, 800 ml","4,99 € 9,98 €/l "
6366,Vana Tallinn Marzipan Cream 50 cl,"10,99 € 21,98 €/l "
6367,"Purtse Lager Kämp, 330 ml","4,49 € 5,99 €/l "
6368,"Viin, VIRU VALGE, 100 cl","5,29 € 7,05 €/l "
6369,Caribba Blanco 50 cl,"6,19 €  13,40 €/kg "
6370,"Cono Sur Tocornal Chardonnay 07, Cono Sur, 75 cl","39,90 €  8,87 €/l "
6371,Torres 10 Years Imperial Brandy 50 cl,"1,99 € 10,76 €/l "
6372,Herbert Ürdiliköör 50 cl,"39,90 € 57,00 €/l "
6373,"Pirninektar, SANTAL, 1 L","52,90 € 75,57 €/l "
6374,Australian Bush Cabernet Shiraz 75 cl,"7,99 €  39,95 €/l "
6375,"Siider Fizz Sweet Pear, 1,5 L pet","5,99 € 7,99 €/l "
6376,Marani Ahasheni 75 cl,"22,90 €  45,80 €/l "
6377,Martini Bianco 1 L,"1,99 €  39,80 €/kg "
6378,Vina Albali Tempranillo 75 cl,"21,90 €  21,90 €/kg "
6379,Jim's Creek Shiraz Cabernet Sauvignon 75 cl,"11,99 € 23,98 €/l "
6380,"Ananassimahl, SANTAL BIG, 250 ml","8,99 € 11,99 €/l "
6381,Casa Charlize Toscana Rosso IGT 75 cl,"9,99 €  13,32 €/l "
6382,Cointreau 70 cl,"5,49 € 7,32 €/l "
6383,Robertson Cabernet Sauvignon 75 cl,"5,99 € 7,99 €/l "
6384,"Cono Sur Riesling, Cono Sur, 75 cl","11,99 € 17,13 €/l "
6385,Cinzano Sweet Edition Dolce 75 cl,"15,99 € 22,84 €/l "
6386,Masi Masianco 75 cl,"1,29 € 1,61 €/l "
6387,Zonin Ventiterre Soave 75 cl,"1,49 €  14,90 €/kg "
6388,Mionetto Sergio Rose 75 cl,"7,99 €  15,98 €/l "
6389,Barone Montalto Passivento Bianco 75 cl,"2,09 € 6,33 €/l "
6390,"Aloe Vera jook light, ALEO, 1,5 L","17,99 €  17,99 €/l "
6391,Imperial XII XO 50 cl,"11,99 €  23,98 €/l "
6392,Calvados Coquerel Fine 50 cl,"13,99 € 27,98 €/l "
6393,"Viin Katyusha, LIVIKO, 35 cl","17,99 € 35,98 €/l "
6394,Chapel-Hill Merlot 75 cl,"4,99 €  14,26 €/l "
6395,Mateus Rose 75 cl,"4,49 € 5,99 €/l "
6396,Gato Negro Cabernet Sauvignon 75 cl,"9,99 €  13,32 €/l "
6397,Tarapaca Sauvignon Blanc 75 cl,"9,79 €  24,60 €/kg "
6398,Faustino VII Red 75 cl,"5,49 € 7,32 €/l "
6399,Ventisquero Reserva Cabernet Suvignon 75 cl,"6,49 € 8,65 €/l "
6400,"Purtse Šaht-Matt Belgian Golden Ale, 330 ml","7,99 € 10,65 €/l "
6401,J.P.Chenet White Medium Sweet 75 cl,"10,99 €  14,65 €/l "
6402,Lavel Blanc de Blanc 75 cl,"13,99 €  13,99 €/kg "
6403,Aramis V 20 cl,"7,49 € 9,99 €/l "
6404,Gran Castillo Tempranillo 75 cl,"8,99 € 11,99 €/l "
6405,Gran Castillo Tempranillo Rose 75 cl,"2,79 € 8,45 €/l "
6406,Espiritu De Chile Cabernet Carmenere BIB 3 L,"5,99 € 7,99 €/l "
6407,Pietra Pura Primitivo Di Manduria Mandus 75 cl,"7,99 € 10,65 €/l "
6408,Sileni Cellar Selection Pinot Gris Hawkes Bay 75 cl,"5,99 €  7,99 €/l "
6409,Mernaya Na Moloke 70 cl,"4,99 €  24,95 €/l "
6410,"Lehe Ravnodentsvie, LEHE PRUULIKODA , 330 ml","7,99 €  10,65 €/l "
6411,Malibu Coconut 50 cl,"7,99 €  10,65 €/l "
6412,"Hele õlu Tsingtao, EILLES, 330 ml pudel","21,90 €  7,30 €/l "
6413,Campari Bitter 50 cl,"13,99 €  18,65 €/l "
6414,Gran Castillo Signature Reserva 75 cl,"10,99 €  14,65 €/l "
6415,Montalto Pinot Grigio Sicilia IGT 75 cl,"14,99 €  21,41 €/l "
6416,"Jõhvika-mustikajook ACDE vitamiinidega, PÕLTSAMAA, 1 L","3,29 € 9,97 €/l "
6417,Espiritu De Chile Shiraz Cabernet 75 cl,"13,99 €  27,98 €/l "
6418,Murviedro Coleccion Verdejo 75 cl,"2,19 € 6,64 €/l "
6419,"Juissi segumahlajook, MARLI, 1 L","10,99 € 14,65 €/l "
6420,"Pühaste Pillerkaar, 330 ml","6,49 € 8,65 €/l "
6421,"Rabarberi mahlajook, PFANNER, 1 L","8,99 € 11,99 €/l "
6422,Freixenet MIA Blanco 75 cl,"1,29 €  1,29 €/l "
6423,Moet & Chandon Brut Imperial 75 cl,"37,90 € 50,53 €/l "
6424,Kendermanns Organic 75 cl,"7,99 € 10,65 €/l "
6425,"Törley alkoholivaba vahuvein, 750 ml","2,49 €  71,14 €/kg "
6426,Robertson Natural Sweet Red 75 cl,"1,99 €  55,28 €/kg "
6427,Valckenberg Gewurztraminer Pfalz 75 cl,"1,29 €  1,29 €/l "
6428,Old Captain Caribbean Rum Brown 70 cl,"2,49 € 7,55 €/l "
6429,J.P.Chenet ICE Sparkling 75 cl,"1,99 €  1,99 €/l "
6430,Old Gruzia Alaverdi White 75 cl,"6,99 €  9,32 €/l "
6431,"Torres San Valentin Parellada 18,7 cl","37,90 € 50,53 €/l "
6432,"BIO Porgandimahl, PFANNER, 500 ml","7,49 € 9,99 €/l "
6433,"Raspberry & Lemon, ABSOLUT MIXT, 275 ml","3,79 €  37,90 €/kg "
6434,La Chablisienne Chablis 75 cl,"6,99 € 9,32 €/l "
6435,"Viin Birch Special, NEMIROFF, 50 cl","8,99 € 11,99 €/l "
6436,Tanqueray Ten Gin 70 cl,"6,49 € 8,65 €/l "
6437,"Vidigal Reserva 37,5 cl","2,19 € 11,71 €/l "
6438,Mionetto Valdobbiadene Prosecco Superiore D.O.C.G 75 cl,"1,89 €  54,00 €/kg "
6439,Torres San Valentin Garnacha 75 cl,"1,99 € 3,98 €/l "
6440,"I heart Merlot 18,7 cl","1,79 €  55,94 €/kg "
6441,Meukow Cognac VS 70 cl,"2,19 € 7,96 €/l "
6442,The Glenlivet Founder´s Reserve Single Malt Scotch 70 cl,"3,79 €  37,90 €/kg "
6443,Chic Barcelona Rose Semi Sec Cava 75 cl,"4,79 € 6,39 €/kg "
6444,La Mura Organic Nero d'Avola 75 cl,"18,99 €  25,32 €/l "
6445,Bollino Rosso Sweet 75 cl,"5,49 € 10,98 €/l "
6446,"Siider Fizz Blueberry, 1,5 L pet","3,79 €  37,90 €/kg "
6447,Sovetskoje Polusladkoje 75 cl,"7,99 € 15,98 €/l "
6448,"Gran Castillo Moscatel, 75 cl","9,99 € 19,98 €/l "
6449,"Viin Original, NEMIROFF, 50 cl","29,90 € 42,71 €/l "
6450,Old Tibilis Saperavi Dzelshavi 75 cl,"42,90 € 61,29 €/l "
6451,Dreamer Late Harvest Cabernet Sauvignon BIB 3 L,"2,99 €  29,90 €/kg "
6452,Stemmari Pinot Grigio DOC Sicilia 75 cl,"4,19 €  11,17 €/l "
6453,Five Lakes Classic 50 cl,"21,90 €  21,90 €/kg "
6454,Le Grand Noir Malbec 75 cl,"6,99 € 9,32 €/l "
6455,"Alkoholivaba vahuvein Rose, 750 ml","2,09 €  11,18 €/l "
6456,Tommasi Adorato Appassionato White 75 cl,"39,90 € 57,00 €/l "
6457,Yellow Tail Pinot Grigio 75 cl,"32,90 € 47,00 €/l "
6458,Capten Morgan Black Spiced 70 cl,"43,90 € 62,71 €/l "
6459,Laua Viin 10 cl,"7,49 € 9,99 €/l "
6460,"Apelsinimahl 100%, SANTAL, 1 L","9,99 € 13,32 €/l "
6461,Liviko Valge Viin 50 cl,"6,49 € 8,65 €/l "
6462,"Cono Sur Organico Cabernet Sauvignon Carmenere, Cono Sur, 75 cl","1,89 €  54,00 €/kg "
6463,Bacardi Carta Blanca 70 cl,"4,49 €  20,04 €/kg "
6464,"MG Spirit Mojito, , 275 ml","2,29 € 8,33 €/l "
6465,Vana Tallinn Coconut 50 cl,"7,99 €  15,98 €/l "
6466,Sierra Tequila Silver 50 cl,"17,99 €  35,98 €/l "
6467,Santa Ana Malbec 75 cl,"4,99 € 6,65 €/l "
6468,Campari Bitter 70 cl,"6,99 € 9,32 €/l "
6469,Marques de Riscal Rioja Reserva 75 cl ,"16,99 € 24,27 €/l "
6470,Matua Marlborough Sauv.Blanc 75 cl,"21,90 € 31,29 €/l "
6471,Chateau Dubois Claverie Bordeaux 75 cl,"11,99 €  15,99 €/l "
6472,Bumbu The Original 70 cl,"15,99 €  15,99 €/kg "
6473,Veuve Clicquot Brut 75 cl,"1,79 €  3,58 €/l "
6474,Bonino Amaretto 20 cl,"8,49 € 11,32 €/l "
6475,"Viin Honey Pepper, NEMIROFF, 50 cl","10,99 € 14,65 €/l "
6476,"Apelsinimahl, SANTAL BIG, 250 ml","45,90 € 65,57 €/l "
6477,Dreamer Late Harvest Chardonnay BIB 3 L,"47,90 € 63,87 €/l "
6478,Corte Delle Calli Prosecco 75 cl,"59,90 € 79,87 €/l "
6479,Campo Viejo Reserva 75 cl,"3,29 €  16,45 €/l "
6480,Senorio de Los Llanos Reserva 75 cl,"7,99 € 15,98 €/l "
6481,Litoral blanco 1 L,"9,99 € 19,98 €/l "
6482,I heart Pinot Grigio 75 cl,"3,29 €  32,90 €/kg "
6483,Õunasiider Põltsamaa 750 ml pudel,"1,09 € 4,36 €/l "
6484,Ventisquero Reserva Chardonnay 75 cl,"22,90 €  7,63 €/l "
6485,"Vaarika-banaanijook, DRAKO, 200 ml","7,49 € 9,99 €/l "
6486,Berberana Viura-Sauvignon Blanc 75 cl,"8,99 € 11,99 €/l "
6487,Spier Savanha Rose 75 cl,"9,99 € 13,32 €/l "
6488,Spier Savanha Pinotage-Shiraz 75 cl,"11,99 € 15,99 €/l "
6489,Squealing Pig Sauvignon Blanc 75 cl,"7,99 €  10,65 €/l "
6490,Rabarbra Brut Organic 75 cl,"11,99 € 15,99 €/l "
6491,Fresita Orange Sunset 75 cl,"5,99 €  7,99 €/l "
6492,Monopoles Nicolas Napoleon Bordeaux Superieur 75 cl,"4,29 € 5,72 €/l "
6493,"Viin Noble, BELUGA, 50 cl","7,49 € 9,99 €/l "
6494,Ararat 3YO 50 cl,"8,99 € 11,99 €/l "
6495,Jameson Irish Whiskey 70 cl,"0,39 €  1,95 €/l "
6496,Jack Daniel's Tennessee Whiskey 70 cl,"7,99 €  10,65 €/l "
6497,Smirnoff Red 70 cl,"7,49 €  9,99 €/l "
6498,KWV Chenin Blanc 75 cl,"7,49 €  9,99 €/l "
6499,"Cono Sur Bicicleta Cabernet Sauvignon 2012, Cono Sur, 75 cl","9,99 €  13,32 €/l "
6500,Marques de Riscal Vina Collada Tempranillo 75 cl,"11,99 € 15,99 €/l "
6501,"Nisuõlu Lonks Päikesest, VORMSI, 330 ml","13,99 € 18,65 €/l "
6502,Rioja Alta Aster 1 Reserva Ribera Del Duero 75 cl,"6,99 € 9,32 €/l "
6503,Anterra Pinot Noir 75 cl,"7,99 € 10,65 €/l "
6504,"Westons Cider Flat Tyre, , 330 ml","7,99 € 10,65 €/l "
6505,Casa Charlize Pinot Grigio Terre Siciliane 300 cl,"9,99 € 13,32 €/l "
6506,Laugel Alsace Riesling 75 cl,"35,90 €  71,80 €/l "
6507,Martell VS Single Distillery konjak 50 cl,"12,99 € 25,98 €/l "
6508,Hennessy V.S. 50 cl,"16,99 € 33,98 €/l "
6509,"Cono Sur Tocornal Cabernet Sauvignon 09, Cono Sur, 75 cl","19,99 € 28,56 €/l "
6510,Piccini Memoro Bianco 75 cl,"31,90 € 45,57 €/l "
6511,Jim Beam White Label Whiskey 70 cl,"19,99 €  28,56 €/l "
6512,Chivas Regal 12 YO Blended Scotch 50 cl,"5,99 € 7,99 €/l "
6513,Captain Morgan Dark rumm 50 cl,"7,99 € 10,65 €/l "
6514,"Viin Pööriöö, SAAREMAA, 50 cl","8,49 € 11,32 €/l "
6515,"Cono Sur Bicicleta Pinot Noir Rose, Cono Sur, 75 cl","8,99 € 11,99 €/l "
6516,Old Thornhill Viski 20 cl,"2,29 € 6,94 €/l "
6517,Villa Krim Muscat Berbarro 75 cl,"12,99 €  17,32 €/l "
6518,19 Crimes Cabernet Sauvignon 75 cl,"8,49 €  11,32 €/l "
6519,"Premium Ananassinektar, DON SIMON, 200 ml","2,19 € 6,64 €/l "
6520,Ramón Bilbao Reserva 75 cl,"24,90 €  8,30 €/l "
6521,"Viski Grants`s Triple Wood, 50 cl","27,90 € 55,80 €/l "
6522,Chapel Hill Sauvignon Blanc 75 cl,"23,90 € 47,80 €/l "
6523,Tres Sombreros Tequila Silver 70 cl,"29,90 € 59,80 €/l "
6524,"Zippo bensiin, ZIPPO, 125 ml","3,99 €  44,33 €/kg "
6525,Havana Club Anejo 3YO rumm 50 cl,"4,99 €  24,95 €/kg "
6526,"Õlu Kingfisher Premium, 330 ml","4,99 € 6,65 €/l "
6527,"Leedirpuu õie kontsentraat, BOTTLEGREEN, 500 ml","6,49 € 8,65 €/l "
6528,Pipra Naps 20 cl,"8,99 €  11,99 €/l "
6529,Talisman Dry Furmint 75 cl,"25,90 €  37,00 €/l "
6530,Fantini Farnese Montepulciano D'Abruzzo 75 cl,"19,99 € 39,98 €/l "
6531,Shuchmann Vazisi Alazani Red 75 cl,"27,90 € 55,80 €/l "
6532,Martell VSOP Aged in Red Barrels 50 cl,"15,99 € 31,98 €/l "
6533,J.P Chenet Cabernet Syrah 75 cl,"4,99 € 6,65 €/l "
6534,"Viin Valge, LIVIKO, 20 cl","9,99 € 19,98 €/l "
6535,Moe viin 1886 70 cl,"11,99 € 23,98 €/l "
6536,"Hardy's Shiraz Cabernet Sauvignon 18,7 cl","6,49 € 8,65 €/l "
6537,"Viski Grants`s Triple Wood, 70 cl","8,49 € 11,32 €/l "
6538,Vidigal Reserva 75 cl,"3,99 €  19,95 €/l "
6539,Aberlour Highland Single Malt Scotch 12YO 70 cl,"5,49 €  7,32 €/l "
6540,Nicolas Napoleon Grande Reserve Costieres de Nimes 75 cl,"9,49 € 12,65 €/l "
6541,Bacardi Carta Blanca 50 cl,"12,99 € 17,32 €/l "
6542,Metaxa 5* 20 cl,"0,99 € 4,95 €/l "
6543,Dreamer Late Harvest Shiraz 75 cl,"13,99 € 18,65 €/l "
6544,"Viin Hõbe mahe, VIRU VALGE, 70cl","16,99 € 22,65 €/l "
6545,"Õlu Starõi Melnik Svetloje, 450 ml","2,39 €  59,75 €/kg "
6546,19 Crimes Red Wine 75 cl,"9,49 € 12,65 €/l "
6547,Moet & Chandon Brut Imperial 75 cl karbis,"6,19 €  13,00 €/kg "
6548,Hele õlu Hacker-Pschorr 500 ml pudel,"39,90 € 53,20 €/l "
6549,"Spordijook aroonia-jõhvika, FAT BURNER, 500 ml","49,90 € 66,53 €/l "
6550,"ZIPPO tulekivi, ZIPPO, tk","3,19 € 6,38 €/l "
6551,Robertson Natural Sweet Rose 75 cl,"1,79 € 3,58 €/l "
6552,Robertson Natural Sweet White 75 cl,"5,49 € 10,98 €/kg "
6553,Vina Maipo Chardonnay 75 cl,"1,39 €  1,39 €/tk "
6554,Stemmari Nero d’Avola DOC Sicilia 75 cl,"5,49 € 7,32 €/l "
6555,Pata Negra Gran Reserva 75 cl,"6,99 € 9,32 €/l "
6556,Matsu El Picaro 75 cl,"5,49 € 7,32 €/l "
6557,Jacob`s Creek Pinot Grigio 75 cl,"6,99 € 9,32 €/l "
6558,Havana Club Anejo Especial rumm 70 cl,"7,99 €  10,65 €/l "
6559,Baron Rosen Alazani Medium Sweet White 75 cl,"7,99 € 10,65 €/l "
6560,Anterra Pinot Grigio 75 cl,"8,99 € 11,99 €/l "
6561,Mernaya Na Moloke 50 cl,"8,99 € 11,99 €/l "
6562,"10 Vitamiininektar, SANTAL, 1 L","10,99 € 14,65 €/l "
6563,"A. Le Coq tume õlu Jõuluporter, A.LE COQ, 500 ml pudel","21,90 €  31,29 €/l "
6564,Barton & Guestier Chardonnay 75 cl,"4,99 € 6,65 €/l "
6565,Törley Charmant 20 cl,"6,99 € 9,32 €/l "
6566,KWV Cabernet Sauvignon 75 cl,"8,49 €  11,32 €/l "
6567,"Hele Õlu Premium Nippel, 250 ml","1,29 €  35,83 €/tk "
6568,"Puhas roheline tee, PFANNER, 1 l","10,99 €  21,98 €/l "
6569,Massai Viognier 75 cl,"1,79 €  1,79 €/l "
6570,Botanist Islay Dry Gin 70 cl,"1,59 €  19,88 €/kg "
6571,Spier Savanha Sauvignon Blanc 75 cl,"1,59 € 3,18 €/l "
6572,Rothschild Syrah Pays d'Oc 75 cl,"8,99 €  11,99 €/l "
6573,Pata Negra Toro Roble 75 cl,"2,19 €  10,95 €/l "
6574,Caribba Xtabla 50 cl,"6,99 € 9,32 €/l "
6575,Sandeman Old Invalid Porto 75 cl,"9,99 € 13,32 €/l "
6576,Michel Torino Cuma Malbec 75 cl,"0,79 € 3,16 €/l "
6577,Tarapaca Carmenere 75 cl,"1,49 € 1,49 €/l "
6578,Masi Campofiorin Ripasso 75 cl,"7,99 €  10,65 €/l "
6579,Hardy's Cabernet Sauvignon 75 cl,"46,90 €  67,00 €/l "
6580,Beringer Classic Chardonnay 75 cl,"7,49 €  9,99 €/l "
6581,Captain Morgan White 70 cl,"9,99 €  13,32 €/l "
6582,Terra Cruz Apasionado Red 75 cl,"6,99 € 9,32 €/l "
6583,Masi Rosa dei Masi 75 cl,"8,99 € 11,99 €/l "
6584,Zonin Velluto Appassimento Rosso 75 cl,"12,49 €  16,65 €/l "
6585,Courvoisier V.S.O.P. 70 cl,"8,99 € 11,99 €/l "
6586,Hennessy V.S.O.P karbis 70 cl,"6,49 € 8,65 €/l "
6587,Larsen V.S karbis 70 cl,"7,99 € 10,65 €/l "
6588,Moselland Ars Vitis Riesling 75 cl,"11,99 € 15,99 €/l "
6589,Star Dollar Rich Harmony 5* 20 cl,"14,99 € 19,99 €/l "
6590,Old Tbilisi Alaverdi 75 cl,"7,99 €  10,65 €/l "
6591,"Hardy`s Stamp Semillon Chardonnay 18,7 cl","7,99 € 10,65 €/l "
6592,Ruffino Orvieto Classico DOC 75 cl,"9,79 € 13,05 €/l "
6593,Villa Cardini Chianti 75 cl,"14,99 € 21,41 €/l "
6594,Carmen Cabernet Sauvignon 75 cl,"20,90 € 29,86 €/l "
6595,Hardy's VR Chardonnay 75 cl,"4,99 € 6,65 €/l "
6596,Nemiroff Delikat 70 cl,"7,99 € 10,65 €/l "
6597,Conde Villar Vinho Verde Rose 75cl,"11,99 €  15,99 €/l "
6598,Gancia Asti 75 cl,"2,99 €  2,99 €/tk "
6599,Bacardi Carta Negra 70 cl,"9,99 € 13,32 €/l "
6600,Escada Touriga Nacional 75 cl,"1,69 € 6,76 €/l "
6601,Santiago de Chile Sauvignon Blanc Moscato 75 cl,"29,90 € 42,71 €/l "
6602,Blitz Riesling 75 cl,"49,90 € 71,29 €/l "
6603,Patriarche Leonce Bocquet Cremant 75 cl,"49,90 € 71,29 €/l "
6604,Porca de Murca Tinto 75 cl,"64,00 € 91,43 €/l "
6605,J&B Pocket Scotch 20 cl,"39,90 € 57,00 €/l "
6606,Pasqua 11 Minutes Rose 75 cl,"8,49 € 11,32 €/l "
6607,Asio Otus Cabernet Merlot Shiraz 75 cl,"9,99 € 13,32 €/l "
6608,Liviko Liköör Vana Tallinn tuubis 50 cl,"3,49 €  17,45 €/l "
6609,"Mumm Cordon Rouge Brut 37,5 cl","6,99 €  9,32 €/l "
6610,J.P. Chenet X.O. Brandy 70 cl,"2,29 €  12,25 €/l "
6611,Valckenberg dornfelder 75 cl,"8,99 €  11,99 €/l "
6612,"Viin Watermelon, VIRU VALGE, 50 cl","6,99 € 9,32 €/l "
6613,Ararat 5YO 50 cl,"8,99 € 11,99 €/l "
6614,Espiritu Chardonnay Gewürztraminer 75 cl,"7,99 €  10,65 €/l "
6615,Bacardi Carta Negra 50 cl,"7,99 €  10,65 €/l "
6616,Baron Rosen Alazani Medim Sweet Red 75 cl,"14,99 €  21,41 €/l "
6617,Stemmari Rosso Passiata IGT 75 cl,"8,99 €  11,99 €/l "
6618,Porta 6 Tinto 75 cl,"9,99 €  13,32 €/l "
6619,Crudo Catarratto Zibibbo 75 cl,"15,99 € 22,84 €/l "
6620,La Mura Organic Grillo 75 cl,"20,90 € 29,86 €/l "
6621,Ventisquero Reserve Pinot Noir 75 cl,"1,99 €  53,07 €/kg "
6622,Junimperium Blended Dry Gin 70 cl,"9,99 €  13,32 €/l "
6623,Gourmandise Rosé Méditerranée 75 cl,"5,49 € 7,32 €/l "
6624,La Conda Cabernet Sauvignon 75 cl,"5,99 € 7,99 €/l "
6625,Nederburg Winemasters Reserve 75 cl,"8,99 €  11,99 €/l "
6626,Minttu Peppermint 50 cl,"13,99 €  18,65 €/l "
6627,"Viin, FINLANDIA, 50 cl","9,99 €  13,32 €/l "
6628,"Spordijoogipulber sidruni, ISOSTAR, 400 g","8,79 €  21,98 €/kg "
6629,Carmen Chardonnay 75 cl,"7,99 €  39,95 €/l "
6630,Coto de Imaz Coto de Imaz Rioja Gran Reserva 75 cl,"12,99 € 17,32 €/l "
6631,Robertson Pinotage 75 cl,"14,99 € 19,99 €/l "
6632,Yellow Tail Moscato 75 cl,"7,49 € 9,99 €/l "
6633,Le Grand Noir Brut Reserve 75 cl,"9,99 € 13,32 €/l "
6634,Liköör Liviko Metsmaasika 50 cl,"5,59 €  11,18 €/l "
6635,Biscardo Neropasso Rosso 75 cl,"8,99 € 11,99 €/l "
6636,Baron Rosen Cava Semi-Seco 75 cl,"11,99 € 15,99 €/l "
6637,Sangria Sabrosol 100 cl,"7,49 €  9,99 €/l "
6638,19 Crimes Hard Chardonnay 75 cl,"5,49 €  5,49 €/l "
6639,Andrew's Estate Premium Cuvée Chardonnay 75 cl,"9,49 € 12,65 €/l "
6640,"Sinebrychoff Cranberry, 1,5L","12,99 € 17,32 €/l "
6641,Chateau Des Landes Lussac-St Emilion 75 cl,"6,99 €  9,32 €/l "
6642,Liviko Liköör Kirsi 50 cl,"3,79 € 2,53 €/l "
6643,"Viin Greenapple, VIRU VALGE, 50 cl","13,99 €  18,65 €/l "
6644,Brändi Belõi Aist 3* figuur 50 cl,"7,99 € 15,98 €/l "
6645,Teliani Valley Mukuzani 75 cl,"8,99 € 17,98 €/l "
6646,Beefeater London Dry Gin 1 L,"9,99 € 19,98 €/l "
6647,"Ingveri ja sidrunheina kontsentraat, BOTTLEGREEN, 500 ml","12,99 € 25,98 €/l "
6648,"Spordijoogipulber Fresh, ISOSTAR, 400 g","8,79 €  21,98 €/kg "
6649,Michel Torino Malbec 75 cl,"9,99 € 13,32 €/l "
6650,Rocca Dei Forti Fragolino 75 cl,"11,99 € 15,99 €/l "
6651,Faustino I Gran Reserva DOC 75 cl,"27,90 €  27,90 €/l "
6652,Litoral Tinto 1 L,"4,29 €  8,58 €/l "
6653,Winzer Krems Grüner Veltliner 2009 75 cl,"8,79 €  21,98 €/kg "
6654,Jacob`s Creek Chardonnay 75 cl,"7,99 €  10,65 €/l "
6655,Yellow Tail Cabernet Sauvignon 75 cl,"6,99 €  9,32 €/l "
6656,Dreamer Late Harvest Riesling 75 cl,"28,90 €  38,53 €/l "
6657,"Muu alkohoolne jook Romeo Bellini Peach Frizzante, 750 ml","4,99 €  4,99 €/l "
6658,Maori Bay Pinot Noir 75 cl,"8,99 €  11,99 €/l "
6659,Karksi puuviljavein Mustsõstra 75 cl,"8,99 €  11,99 €/l "
6660,"Exotic Cocktail mahlasegu, SANTAL, 1 L","7,49 € 9,99 €/l "
6661,Five Lakes Premium 50 cl,"8,99 € 11,99 €/l "
6662,Tsarskaja Originalnaja 50 cl,"6,99 €  9,32 €/l "
6663,Caribba Cherry Crush 50 cl,"7,99 € 10,65 €/l "
6664,Rothschild Pays d´Oc Cabernet Sauvignon 75 cl,"8,49 € 11,32 €/l "
6665,Tonno Catarrato Chardonnay 75 cl,"12,99 € 17,32 €/l "
6666,Chateau d'Arcins 75 cl,"5,29 €  7,05 €/l "
6667,Chateau Malbec 75 cl,"1,99 €  1,99 €/l "
6668,Martell VS Single Distillery konjak 70,"11,99 €  23,98 €/l "
6669,Larsen V.S 35 cl,"9,99 € 19,98 €/l "
6670,Chateau Le Mayne Bordeaux Superior 75 cl,"12,99 € 25,98 €/l "
6671,Caribba Negro 70 cl,"9,99 €  19,98 €/l "
6672,Teliani Saperavi 75 cl,"9,99 €  13,32 €/l "
6673,Bombay Sapphire Dry Gin 50 cl,"9,99 €  13,32 €/l "
6674,Martini Rosso 75 cl,"19,99 €  26,65 €/l "
6675,Totino Cherry 1 L,"12,99 €  17,32 €/l "
6676,Sella & Mosca I Piani Bianco 75 cl,"26,90 € 38,43 €/l "
6677,Torres Sangre de Toro 75 cl,"37,90 € 54,14 €/l "
6678,Brändi Magistr V.S.O.P 50 cl,"21,90 €  62,57 €/l "
6679,Castellani Chianti Classico Riserva 75 cl,"9,99 €  13,32 €/l "
6680,Hardy`s Variental Range Pinot Grigio 75 cl,"13,99 €  19,99 €/l "
6681,J.P. Chenet Chardonnay 75 cl,"9,99 € 13,32 €/l "
6682,Torres Vina Esmeralda Rose 75 cl,"23,90 €  47,80 €/l "
6683,"Rouge Delice Cider, LOUIS RAISON, 330 ml","11,99 €  15,99 €/l "
6684,Peter & Peter Riesling Feinherb 75 cl,"5,99 €  5,99 €/l "
6685,Symington Family Estates Altano Duoro Tinto 75 cl,"8,49 €  11,32 €/l "
6686,Belaja Rus Serbrjanaja 20 cl,"7,49 € 9,99 €/l "
6687,"Väike Kollane Draakon, LEHE PRUULIKODA, 330 ml","10,99 € 14,65 €/l "
6688,"Riesling Rheinhessen, 75cl, BLUE NUN","10,99 € 21,98 €/l "
6689,"Les Roseraies Rosé D´Anjou, 75 cl, DROUET FRERES","14,99 € 29,98 €/l "
6690,Dulong Premium Merlot Cabernet Bordeaux 75 cl,"12,99 € 17,32 €/l "
6691,Tanqueray Sevilla  70 cl,"15,99 € 21,32 €/l "
6692,Tohi Nordic Dry Cloudberry Gin 50 cl,"7,99 €  10,65 €/l "
6693,Viognier Collezione di Famiglia 75 cl,"3,99 €  1,00 €/tk "
6694,Zonin Sangiovese Maremma Toscana DOC 75 cl,"5,99 € 7,99 €/l "
6695,"Isostar pulber apelsini, ISOSTAR, 400 g","8,79 €  21,98 €/kg "
6696,Hennessy V.S.O.P. karbis 35 cl,"7,99 € 10,65 €/l "
6697,Põltsamaa Tõmmu 50 cl,"10,99 € 14,65 €/l "
6698,Liviko Liköör Kännu Kukk ( karbis ) 50 cl,"1,79 € 5,42 €/l "
6699,Liviko Liköör Gabriel 50 cl,"2,19 € 6,64 €/l "
6700,Scottish Leader Whiskey 50 cl,"8,99 € 11,99 €/l "
6701,Smirnoff Red 50 cl,"3,79 €  18,95 €/l "
6702,Calem Tawny Porto 75 cl,"2,29 € 6,94 €/l "
6703,Norton Barrel Select Malbec 75 cl,"8,99 €  11,99 €/l "
6704,"Cono Sur Pinot Noir 09, Cono Sur, 75 cl","9,99 €  13,32 €/l "
6705,Freegold Moscatel 75 cl,"11,99 €  15,99 €/l "
6706,Dreamer Late Harvest Pinot Grigio 75 cl,"24,90 € 35,57 €/l "
6707,Brown Brothers 18 Eighty Nine Sauvignon Blanc 75 cl,"37,90 € 54,14 €/l "
6708,Normindia Gin 70 cl,"24,90 €  49,80 €/l "
6709,El Coto Rioja Reserva 75 cl,"8,49 € 11,32 €/l "
6710,"Õlu Õllenaut Hele, 500ml, ÕLLENAUT","10,99 € 14,65 €/l "
6711,Blue Nun Pink 75 cl,"8,99 € 11,99 €/l "
6712,Karksi Leedri-õuna 75 cl,"11,99 € 15,99 €/l "
6713,Dos Almas Gran Reserva Cabernet Sauvignon 75 cl,"8,79 €  21,98 €/kg "
6714,Sandeman Ruby Porto 75 cl,"32,90 €  94,00 €/l "
6715,Berberana Dragon Reserva 75 cl,"4,49 €  8,98 €/l "
6716,Porca de Murca Branco 75 cl,"10,99 € 21,98 €/l "
6717,Mateus Rose 25 cl,"15,99 € 31,98 €/l "
6718,Luxardo Aperitivo 75 cl,"10,49 €  20,98 €/l "
6719,J. Walker Red Label Pocket Scotch 20 cl,"5,49 € 10,98 €/l "
6720,Merlot Collezione di Famiglia 75 cl,"1,89 €  18,90 €/kg "
6721,Õlu Õllenaut Muruniitja 330 ml pudel,"8,99 € 17,98 €/l "
6722,J.P. Chenet Rose Medium Sweet 75 cl,"14,99 € 29,98 €/l "
6723,Chateau Vieux Laroque Bordeaux Red 75 cl,"13,99 €  18,65 €/l "
6724,Riga Black Balsam 50 cl,"9,99 €  13,32 €/l "
6725,Nederburg WMR Edelrood 75 cl,"9,99 €  13,32 €/l "
6726,Lapponia Lakka 50 cl,"11,99 €  23,98 €/l "
6727,Fernando de Castilla Solera 70 cl,"15,99 € 22,84 €/tk "
6728,Jacob's Creek Riesling 75 cl,"23,90 € 34,14 €/tk "
6729,Jacob`s Creek Shiraz Cabernet 75 cl,"7,49 € 9,99 €/l "
6730,Lindemans BIN 50 Shiraz 75 cl,"8,79 € 11,72 €/l "
6731,"Murviedro Reserva Magnum 1,5 l","7,49 € 9,99 €/l "
6732,Mud House Sauvignon Blanc Marlborough 75 cl,"8,99 € 11,99 €/l "
6733,Zeljonaja Marka Rzhanaja 50 cl,"7,49 € 9,99 €/l "
6734,Ironstone Zinfandel 75 cl,"10,99 € 14,65 €/l "
6735,Crafters London Dry Gin 70 cl,"15,99 €  10,66 €/l "
6736,Terra Cruz Apasionado White 75 cl,"11,99 €  15,99 €/l "
6737,Teliani Valley Alazani White 75 cl,"7,99 € 15,98 €/l "
6738,Hennessy VS Flask 20 cl,"12,99 €  17,32 €/l "
6739,Viru Valge Rukkilille 50 cl,"19,99 € 28,56 €/l "
6740,Escada Arinto 75 cl,"26,90 € 38,43 €/l "
6741,Crafters Aromatic Flower Gin 70 cl,"4,99 € 6,65 €/l "
6742,Goru Blanco 75 cl,"7,99 € 10,65 €/l "
6743,Grüner Veltriner Löss&Stein 75 cl,"6,49 € 8,65 €/l "
6744,Nihonshu Junmai Sake 72 cl,"7,99 € 10,65 €/l "
6745,Anselmann Riesling Trocken 75 cl,"3,29 €  121,85 €/kg "
6746,Michel Torino Seleccion Cabernet Sauvignon 75 cl,"14,49 €  72,45 €/l "
6747,Cointreau liköör 50 cl,"8,99 € 17,98 €/l "
6748,Cotes du Rhone Prestige Rouge 75 cl,"10,99 € 21,98 €/l "
6749,Cotes du Rhone Prestige Blanc 75 cl,"9,99 €  13,32 €/l "
6750,Moet & Chandon Nectar Imperial 75 cl karbis,"20,90 € 29,86 €/l "
6751,Duboeuf Beaujolais-Villages 75 cl,"29,90 € 42,71 €/l "
6752,Schmitt Söhne Thomas Kabinett 75 cl,"9,99 €  13,32 €/l "
6753,Jägermeister 10 cl,"11,99 €  15,99 €/l "
6754,Liviko Liköör Metsmaasika 50 cl,"21,90 €  30,42 €/l "
6755,Liköör Lõunamaine 50 cl,"10,49 €  13,99 €/l "
6756,Metaxa Ouzo 70 cl,"6,99 €  9,32 €/l "
6757,Tokaji Furmint Semi-Sweet 75 cl,"19,99 €  39,98 €/l "
6758,Michel Torino Sauvignon Blanc 2005 75 cl,"7,99 € 10,65 €/l "
6759,Tarapaca Gran Reserva Cab. Sauv. 75 cl,"8,99 € 11,99 €/l "
6760,Stroh 50 cl,"7,99 € 10,65 €/l "
6761,Jacob`s Creek Shiraz Rose 75 cl,"8,99 € 11,99 €/l "
6762,Yellow Tail Shiraz 75 cl,"44,90 € 59,87 €/l "
6763,Hampton Estate Zinfandel 75 cl,"55,90 € 74,53 €/l "
6764,Jacob´s Creek Cool Harvest Sauvignon Blanc 75 cl,"10,99 €  14,65 €/l "
6765,Fresita 20 cl,"12,99 €  17,32 €/l "
6766,Jean-Marc Brocard Chablis 75 cl,"4,59 €  45,90 €/l "
6767,Monopoles N Napoleon Blanc Reserve 75 cl,"5,49 €  10,98 €/l "
6768,Patriarche Leonce Bocquet Cremant Rose 75 cl,"8,99 €  17,98 €/l "
6769,Damina Pinot Grigio Veneto 75 cl,"22,90 €  32,71 €/l "
6770,Tamada Pirosmani Red 75 cl,"5,49 €  7,32 €/l "
6771,Piqueras Marius Single Vineyard Monastrell 75 cl,"7,99 €  10,65 €/l "
6772,Nemiroff De Luxe 50 cl,"10,99 € 14,65 €/l "
6773,Clos Amador Cava Brut Delicat Reserva 75 cl,"43,90 €  43,90 €/tk "
6774,Spier Savanha Medium Sweet 75 cl,"24,90 €  49,80 €/l "
6775,Larsen Cooper's VSOP Double 50 cl,"10,99 €  14,65 €/l "
6776,"Greibimahl, SANTAL BIG, 250 ml","7,49 € 9,99 €/l "
6777,Meukow Cognac VSOP 35 cl,"8,99 € 11,99 €/l "
6778,Meukow Cognac VSOP 70 cl,"8,99 €  11,99 €/l "
6779,Aramis V 50 cl,"8,99 €  11,99 €/l "
6780,Sovetskoje Sladkoje 75 cl,"3,69 €  18,45 €/l "
6781,Belaja Rus Serebrjanaja 50 cl,"19,99 €  26,65 €/l "
6782,Singleton 12YO Single Malt 70 cl,"7,99 € 10,65 €/l "
6783,The Famous Grouse Whiskey 70 cl,"9,99 € 13,32 €/l "
6784,Royal Oporto Tawny Porto 75 cl,"13,99 €  18,65 €/l "
6785,Canari Pina Colada 35 cl,"6,99 €  9,32 €/l "
6786,Balatonboglar Muscat Cuvee 75 cl,"9,99 €  13,32 €/l "
6787,Trapiche Oak Cask Cabernet Sauvignon 75 cl,"6,49 € 8,65 €/l "
6788,Vina Maipo Cabernet Sauvignon 75 cl,"8,99 € 11,99 €/l "
6789,Casillero del Diablo Cabernet Sauvignon 75 cl,"11,99 €  23,98 €/l "
6790,Villa Antinori Bianco 75 cl,"9,99 €  13,32 €/l "
6791,Masi Valpolicella 75 cl,"7,49 €  9,99 €/l "
6792,Zonin Amarone Della Valpolicella DOC 75 cl,"39,90 €  79,80 €/l "
6793,Cantine Due Palme Serre Rosso 75 cl,"1,09 € 4,36 €/l "
6794,Campo Viejo Crianza 75 cl,"19,99 € 57,11 €/l "
6795,Beringer Classic Cabernet Sauvignon 75 cl,"31,90 € 91,14 €/l "
6796,Yellow Tail Merlot 75 cl,"37,90 € 54,14 €/l "
6797,Hardy`s Nottage Hill Riesling 75 cl,"52,90 € 75,57 €/l "
6798,Mud House Pinot Noir Central Otago 75 cl,"7,99 € 15,98 €/l "
6799,Carmen Sauvignon Blanc Left Wave 75 cl,"10,99 € 21,98 €/l "
6800,Massai Shiraz 75 cl,"2,99 € 3,99 €/l "
6801,"Viin, BELENKAJA, 50 cl","7,99 €  15,98 €/l "
6802,Torres Sangre de Toro Verdejo 75 cl,"33,90 € 48,43 €/l "
6803,Karksi puuviljavein Kirss 75 cl,"45,90 € 65,57 €/l "
6804,Chianti Giulio Straccali 75 cl,"20,90 €  29,86 €/l "
6805,Meukow Gognac VS 20 cl,"13,99 €  18,65 €/l "
6806,Marques de Caceres Vino Ecologico Bio 75 cl,"3,99 € 11,40 €/l "
6807,Prinz von Hessen Hessenstein Riesling 75 cl,"4,59 € 13,11 €/l "
6808,Dos Almas Gran. Res. Pinot Noir 75 cl,"3,99 € 5,32 €/l "
6809,Diablo Dark Red 75 cl,"4,99 € 6,65 €/l "
6810,Colmar Riesling 75 cl,"7,99 € 10,65 €/l "
6811,Vinho Verde 75 cl,"10,99 € 14,65 €/l "
6812,Le Grand Noir Viognier 75 cl,"7,99 €  10,65 €/l "
6813,"Vitamin Flow, VICHY, 750 ml","9,99 €  13,32 €/l "
6814,Giusti Sant'Eustachio Bianco Veneto IGT 75 cl,"14,99 €  19,99 €/l "
6815,La Chablisienne Chablis Cru Mont de Milieu 75cl,"9,99 € 13,32 €/l "
6816,Piper Heidsieck Cuvee Brut 75 cl,"2,29 €  21,20 €/kg "
6817,Courvoisier VSOP Box 50 cl,"29,90 € 39,87 €/l "
6818,Martell V.S.O.P. Aged in Red Barrels 70 cl,"39,90 € 53,20 €/l "
6819,Sierra Tequila Reposado 50 cl,"14,99 €  19,99 €/l "
6820,Lagavulin 16 YO (karbis) 70 cl,"64,90 € 92,71 €/l "
6821,Baileys Irish Cream 70 cl,"85,00 € 121,43 €/l "
6822,Tullamore Dew 50 cl,"15,90 € 22,71 €/l "
6823,Carmen Sauvignon Blanc 75 cl,"21,90 € 31,29 €/l "
6824,Santa Carolina Cellar Sauvig. 75 cl,"19,99 €  39,98 €/l "
6825,Martini Extra Dry 1 L,"7,99 €  10,65 €/l "
6826,Torres Santa Digna Cabernet Rose 75 cl,"5,49 € 7,32 €/l "
6827,Vina Albali Reserva 75 cl,"6,99 € 9,32 €/l "
6828,Rioja Vega Crianza 75 cl,"12,99 € 12,99 €/l "
6829,Floridajus Pina Colada 70 cl,"14,99 € 14,99 €/l "
6830,"Le Grand Noir Cabernet-Shiraz 1,5 L","10,99 €  14,65 €/l "
6831,Castillo de Almanasa Reserva 75 cl,"6,99 € 9,32 €/l "
6832,Pfaff Special 75 cl,"8,99 € 11,99 €/l "
6833,Pata Negra Rioja Gran Seleccion 75 cl,"9,99 €  13,32 €/l "
6834,Bacardi Carta Oro 50 cl,"10,99 €  15,70 €/l "
6835,"Muhe Eesti Õunamahl, LARGO, 500 ml","12,99 € 8,66 €/l "
6836,Chateau Rocher-Calon 75 cl,"15,49 € 10,33 €/l "
6837,"Saaremaa Mustsõstra, piparmündi viin 50 cl","9,99 €  13,32 €/l "
6838,Portillo Pinot Noir 75 cl,"9,99 €  13,32 €/l "
6839,Jean-Marc Brocard Chablis Famille Brocard 75 cl,"6,99 € 9,32 €/l "
6840,Gato Negro 9 Lives Reserva Cabernet Sauvignon 75 cl,"8,99 € 11,99 €/l "
6841,Dulong Merlot Cabernet Bordeaux 75 cl,"11,99 € 23,98 €/l "
6842,Clos Amador Cava Semi Sec Classic 75 cl,"1,19 €  59,50 €/kg "
6843,Piccini Montepulciano D´Abruzzo DOC 75 cl,"13,99 €  18,65 €/l "
6844,Squealing Pig Malbec 75 cl,"7,99 € 15,98 €/l "
6845,Tonino Bianco 75 cl,"9,99 € 19,98 €/l "
6846,Giusti Prosecco Treviso DOC Extra Dry Rosalia 75 cl,"11,99 €  15,99 €/l "
6847,Casa Charlize Cuvée Forte Toscana Rosso IGT 300 cl,"15,99 € 21,32 €/l "
6848,"Hele õlu Litovel Classic, LITOVEL, 500 ml pudel","21,90 € 29,20 €/l "
6849,Ürdiliköör Pirita 35 cl,"7,49 € 9,99 €/l "
6850,"Stone IPA, 330 ml","8,99 € 11,99 €/l "
6851,St. Remy brändi Authentic XO 70 cl,"9,99 €  13,32 €/l "
6852,Larsen V.S.O.P karbis 35 cl,"1,69 € 6,76 €/l "
6853,Albert Bichot Chateau de Dracy Chardonnay 75 cl,"9,99 €  13,32 €/l "
6854,Calvados Coquerel VSOP 50 cl,"7,99 €  10,65 €/l "
6855,Metaxa 7* 70 cl,"9,99 €  13,32 €/l "
6856,Torres Brandy 10 Years Brandy karbis 70 cl,"6,99 €  9,32 €/l "
6857,Imperial XII VSOP 70 cl,"11,99 €  15,99 €/l "
6858,Teliani Tvishi 75 cl,"24,90 €  8,30 €/l "
6859,Jack Daniel's Tennessee Whiskey 20 cl,"1,59 € 3,18 €/l "
6860,Koskenkorva Salmiakki liköör 50 cl,"7,59 €  21,69 €/l "
6861,Yarden Cabernet Sauvignon Merlot Mount Hermon 75 cl,"2,99 € 9,06 €/l "
6862,Marques de Caceres Vendimia Seleccionada 75 cl,"19,99 € 28,56 €/l "
6863,Becherovka ürdiliköör 50 cl,"29,90 € 42,71 €/l "
6864,Wyndham Estate BIN 555 Shiraz 75 cl,"28,90 €  82,57 €/l "
6865,Vicar's Choice Sauvignon Blanc ´06 75 cl,"18,99 €  25,32 €/l "
6866,Põhjaka Astelpajunaps 50 cl,"16,99 € 33,98 €/l "
6867,Zonin Soave Classico DOC 75 cl,"20,90 € 41,80 €/l "
6868,Stroh Jagertee 50 cl,"29,90 €  42,71 €/l "
6869,Bushmills Original 50 cl,"24,90 €  35,57 €/l "
6870,"Viin Redberry, FINLANDIA, 50 cl","12,99 € 18,56 €/l "
6871,Ventisquero Reserva Sauvignon Blanc 75 cl,"15,99 € 22,84 €/l "
6872,Pipra Naps Ingveriga 35 cl,"11,99 € 15,99 €/l "
6873,Metsis Handcrafted Gin 50 cl,"9,99 €  49,95 €/l "
6874,Michel Torino Select Reserve Malbec 75 cl,"8,99 € 17,98 €/l "
6875,Caribba Berry Libre 50 cl,"11,59 € 23,18 €/l "
6876,J. Walker Black Label Pocket Scotch 20 cl,"10,49 € 13,99 €/l "
6877,La Celia Reserva Pinot Grigio 75 cl,"12,99 € 17,32 €/l "
6878,Castaño Hecula Monastrell Vegan DO Yecla 75 cl,"12,99 €  17,32 €/l "
6879,Ormes De Cambras Merlot 75 cl,"13,49 €  26,98 €/l "
6880,Giusti Asolo Prosecco Superiore DOCG Extra Brut 75 cl,"14,99 €  19,99 €/l "
6881,Giusti Chardonnay IGT Trevenezie 75 cl,"16,99 €  22,65 €/l "
6882,Giusti Merlot IGT Veneto 75 cl,"17,99 €  35,98 €/l "
6883,Penasol Vino De Mesa Rose 100 cl,"11,49 €  15,32 €/l "
6884,"Zippo taht, ZIPPO, tk","15,99 €  31,98 €/l "
6885,Remy Martin konjak V.S.O.P 70 cl,"19,99 €  39,98 €/l "
6886,Barton & Guestier Bordeaux Merlot-Cabernet Sauvignon 75 cl,"7,99 € 15,98 €/l "
6887,St.Remy brändi Authentic 70 cl,"12,99 € 25,98 €/l "
6888,Louis Jadot Pinot Noir 75 cl,"7,49 € 9,99 €/l "
6889,Eagle Creek Red Zinfandel 75 cl,"1,99 €  55,28 €/kg "
6890,Star Dollar 3* 20 cl,"5,99 €  17,11 €/l "
6891,Liviko Liköör Vaarika pet 50 cl,"25,90 € 51,80 €/l "
6892,Liviko Ürdiliköör Herbert 35 cl,"29,90 € 59,80 €/l "
6893,Vana Tallinn Heritage 50 cl,"10,49 €  13,99 €/l "
6894,Belii Aist Brandy Black Label 50 cl,"9,99 €  19,98 €/l "
6895,Calem Ruby Porto 75 cl,"14,99 €  74,95 €/l "
6896,Balatonboglar Merlot Edes 75 cl,"9,99 €  13,32 €/l "
6897,Amaretto Di Saronno 50 cl,"7,49 € 9,99 €/l "
6898,Sella Mosca Vermentino Di Sard. 75 cl,"8,99 € 11,99 €/l "
6899,Freegold Moscatel tinto 75 cl,"7,99 €  10,65 €/l "
6900,El Matador Blanco Tetra 1 L,"14,99 €  19,99 €/l "
6901,Jacob`s Creek Merlot 75 cl,"10,99 € 14,65 €/l "
6902,Hardy's VR Shiraz 75 cl,"11,99 € 15,99 €/l "
6903,Jacob´s Creek Cool Harvest Pinot Grigio 75 cl,"10,99 € 14,65 €/l "
6904,"Kookospähklijook, ALEO, 500 ml","11,99 € 15,99 €/l "
6905,Don Simon Premium Chardonnay Airen 100 cl,"4,99 €  4,99 €/l "
6906,"Jameson Stout Edition, 70 cl","1,39 €  1,39 €/tk "
6907,Ruffino Rosatello Prima Cuvee 75 cl,"44,90 € 64,14 €/l "
6908,Viru Valge Cherry 50 cl,"59,90 € 85,57 €/l "
6909,Jean-Baptiste Audy Chateau Coutelin-Merville CruBourgeois 75 cl,"9,49 € 12,65 €/l "
6910,Masi Modello Corvina 75 cl,"11,99 € 15,99 €/l "
6911,Hardy`s Crest Chardonnay 75 cl,"13,99 € 19,99 €/l "
6912,"B&G Rose d'Anjou AOP 37,5 cl","19,99 € 28,56 €/l "
6913,Vinsmoselle Les Vignerons Auxerrois 75 cl,"9,99 €  13,32 €/l "
6914,Maison Castel Les Puces white 75 cl,"6,99 €  9,32 €/l "
6915,San Marzano Talo Negroamaro I.G.P. 75 cl,"10,99 € 14,65 €/l "
6916,Liviko Liköör Minty 50 cl,"13,89 € 18,52 €/l "
6917,Principe de Viana Chardonnay 75 cl,"10,99 €  21,98 €/l "
6918,Malesan Bordeaux Medium Sweet 75 cl,"7,99 €  10,65 €/l "
6919,Pfaff BlackTie Alsace ´07 75 cl,"9,99 €  13,32 €/l "
6920,Baron Otard VSOP kinkekarbis 70 cl,"13,99 €  18,65 €/l "
6921,Alexis L Bordeaux Rouge AOC 75 cl,"39,90 € 57,00 €/l "
6922,Maxime Trijol VSOP Flore 70 cl karbis,"55,90 € 79,86 €/l "
6923,Metaxa 5* 70 cl,"9,99 € 13,32 €/l "
6924,Põltsamaa Kuldne 50 cl,"10,99 € 14,65 €/l "
6925,Põltsamaa Punane 50 cl,"38,90 €  55,57 €/l "
6926,Liviko Liköör Coffee pet 50 cl,"23,90 €  34,14 €/l "
6927,Ballantine's Finest Scotch Flask Tin 70 cl,"4,19 €  8,38 €/l "
6928,Bacardi Oakheart Smooth and spiced 70 cl,"4,19 €  8,38 €/l "
6929,Desom Grand Premier Cru Auxerrois 75 cl,"5,99 €  11,98 €/l "
6930,HM Borges Madeira 3Y Med.Sweet 75 cl,"16,99 €  24,27 €/l "
6931,Michel Torino Cuma torrontes Organic 09 75 cl,"12,99 € 18,56 €/l "
6932,Norton Barrel Select Cabernet Sauvignon 75 cl,"19,99 € 28,56 €/l "
6933,Carmen Reserve Chardonnay 75 cl,"10,99 €  14,65 €/l "
6934,"Martini Asti 1,5 L","15,69 €  20,92 €/l "
6935,Carmen Reserva Cabernet Sauvignon 75 cl,"7,49 € 9,99 €/l "
6936,Winzer Krems Sandgrube Riesling 75 cl,"8,99 € 11,99 €/l "
6937,Montebuena Crianza 75 cl,"9,99 €  133,20 €/l "
6938,Osobõi Pastoral 75 cl,"8,99 €  11,99 €/l "
6939,Tarapaca Reserva Cabernet Sauvignon 75 cl,"23,90 €  15,93 €/l "
6940,Liköör Liviko Metsmaasikas 20 cl,"8,99 €  11,99 €/l "
6941,Martini Riserva Speciale Rubino 75 cl,"10,99 €  14,65 €/l "
6942,Amarula Liköör 70 cl,"11,99 €  15,99 €/l "
6943,Meukow Cognac VSOP giftbox 50 cl,"5,99 €  7,99 €/l "
6944,Carmen Reserva Carmenere 75 cl,"8,99 €  11,99 €/l "
6945,Dulong Moelleux Bordeaux 75 cl,"2,79 €  13,95 €/l "
6946,Martini Fiero 75 cl,"16,99 € 22,65 €/l "
6947,Junimperium Winter Edition Gin 70 cl,"20,90 € 27,87 €/l "
6948,Mamm&Frukt Bublé rabarberi-vaarika 75 cl,"14,99 € 21,41 €/l "
6949,Pimm's No.1 70 cl,"17,99 € 25,70 €/l "
6950,Bio Rose Bouquet&Mavrud 75 cl,"36,90 €  73,80 €/l "
6951,Colmar Riesling Florimont Grand Cru 75 cl,"8,99 €  11,99 €/l "
6952,"Vita-Min multiple Sport, OLIMP, 60 kps","12,99 €  162,38 €/kg "
6953,Remy Martin konjak VSOP 40 % 50 cl,"13,99 €  18,65 €/l "
6954,Les Ormes de Cambras Cabernet Sauvignon 75 cl,"44,90 €  64,14 €/l "
6955,Baron Otard VS karbis 70 cl,"12,99 €  17,32 €/l "
6956,Red Korsar Jamaica Rum 20 cl,"19,99 €  28,56 €/l "
6957,Põltsamaa Kirsisuudlus 50 cl,"7,49 € 9,99 €/l "
6958,"Viin, ARSENITCH, 35 cl","9,99 € 13,32 €/l "
6959,Sarajishvili 5 Years 50 cl,"19,99 €  26,65 €/l "
6960,Offley Tawny Porto 75 cl,"12,99 €  162,38 €/kg "
6961,Canari Tiramisu 35 cl,"44,90 €  89,80 €/l "
6962,KWV Roodeberg 75 cl,"7,99 €  10,65 €/l "
6963,Santa Ana Cabernet Sauvignon 75 cl,"27,90 € 39,86 €/l "
6964,Casillero del Diablo Carmenere 75 cl,"37,90 € 54,14 €/l "
6965,Barbadillo Amontillado 75 cl,"4,59 €  22,95 €/l "
6966,Torres Vina Esmeralda 75 cl,"4,29 €  8,58 €/l "
6967,Canadian Special Old 70 cl,"7,49 €  21,40 €/l "
6968,Barefoot Pinot Grigio 75 cl,"15,99 € 31,98 €/l "
6969,Hennessy VSOP Flask 20 cl,"18,99 € 37,98 €/l "
6970,M.Chapoutier Cotes Du Rhone Belleruche 75 cl,"11,99 € 15,99 €/l "
6971,M. Chapoutier La Ciboise Rouge 75 cl,"14,99 € 19,99 €/l "
6972,Les Dauphins Cotes du Rhone Reserve 75 cl,"3,99 € 11,40 €/l "
6973,Vina Albali Gran Reserva Seleccion Privada 75 cl,"4,59 € 13,11 €/l "
6974,Lahhentagge Ösel Dry Gin 50 cl,"7,99 € 10,65 €/l "
6975,W&J Graham's Fine Ruby Port 75 cl,"10,99 € 14,65 €/l "
6976,Shuchmann Vazisi Alazani White 75 cl,"4,99 € 6,65 €/l "
6977,Boulard Calvados VSOP karbis 70 cl,"6,99 € 9,32 €/l "
6978,Dulong Semillon Sauvignon Bordeaux 75 cl,"9,99 €  13,32 €/l "
6979,Michel Torino Seleccion Chardonnay 75 cl,"9,99 €  13,32 €/l "
6980,Piccini Vermentino Toscana IGT 75 cl,"7,99 € 10,65 €/l "
6981,Altano Douro Reserva 75 cl,"10,99 € 14,65 €/l "
6982,Quinson Petit Chablis 75 cl,"15,99 €  22,84 €/l "
6983,Maison Castel Les Puces red 75 cl,"7,99 €  10,65 €/l "
6984,Marquis De Leon 50 cl,"19,99 €  99,95 €/l "
6985,Hennessy V.S. karbis 1 L,"9,99 € 13,32 €/l "
6986,L.Latour Saint Veran Les Deux Moulins 75 cl,"12,59 € 16,79 €/l "
6987,Pere Magloire VSOP karbis 70 cl,"8,49 € 11,32 €/l "
6988,Lavel Blanc Rouge Medium Sweet 75 cl,"9,99 € 13,32 €/l "
6989,Deutz Classic Brut 75 cl,"10,99 €  14,65 €/l "
6990,Põltsamaa Vaarikamusi 50 cl,"11,99 €  15,99 €/l "
6991,Põltsamaa Lossivein 28 75 cl,"46,90 €  93,80 €/l "
6992,Bacardi Razz 70 cl,"14,49 €  19,32 €/l "
6993,Lapponia Polar-Karpalo 50 cl,"6,99 €  9,32 €/l "
6994,Gato Blanco Sauvignon Blanc 75 cl,"44,90 €  64,14 €/l "
6995,Gato Negro Merlot 75 cl,"9,99 €  13,32 €/l "
6996,"Cono Sur Organico Sauvignon Blanc 2012, Cono Sur, 75 cl","7,49 €  9,99 €/l "
6997,Pernod aniisiviin 70 cl,"9,99 €  13,32 €/l "
6998,Finlandia Vodka 70 cl,"14,99 € 19,99 €/l "
6999,Barefoot Merlot 75 cl,"17,99 € 23,99 €/l "
7000,Hennessy VSOP 50 cl,"17,99 € 23,99 €/l "
7001,Totino Lime 1 L,"19,99 € 26,65 €/l "
7002,"Kendermanns Riesling 18,7 cl","6,99 €  9,32 €/l "
7003,Ballantine´s Finest Scotch 35 cl,"7,99 €  15,98 €/l "
7004,Mount Gay Black Barrel 70 cl,"58,90 €  58,90 €/l "
7005,"Viin jõhvikamaiseline, NIPERNAADI, 75 cl","19,49 €  25,99 €/l "
7006,Mud House Pinot Gris 75 cl,"29,90 € 42,71 €/l "
7007,Lillet Blanc 75 cl,"39,90 € 57,00 €/l "
7008,Vana Tallinn Elegance karbis 50 cl,"5,99 €  7,99 €/l "
7009,Edoardo Miroglio Bio Viogner&Traminer 75 cl,"7,49 € 9,99 €/l "
7010,Beveland Blue Curacao 70 cl,"10,49 € 13,99 €/l "
7011,Plantation Pineapple Original Dark Rum 70 cl,"11,49 €  16,41 €/l "
7012,Waipara Hills Pinot Noir 75 cl,"34,90 €  49,86 €/l "
7013,Sandeman Imperial Reserve 50 cl,"11,99 € 15,99 €/l "
7014,Jose Cuervo Especial Silver 70 cl,"14,99 € 19,99 €/l "
7015,Tamada Pirosmani White 75 cl,"9,99 € 19,98 €/l "
7016,Chateau Ducasse Graves Red 75 cl,"11,99 € 23,98 €/l "
7017,Altano Reserva White Douro 75 cl,"9,99 €  13,32 €/l "
7018,Desom Premier Cru Rivaner 75 cl,"14,99 €  19,99 €/l "
7019,Baron Knyphausen Estate Riesling 75 cl,"1,69 € 6,76 €/l "
7020,Chateau Latour Camblanes Prem. 75 cl,"14,99 € 19,99 €/l "
7021,Louis Jadot L.J Bourgogne Chardonnay 2006 75 cl,"17,99 € 23,99 €/l "
7022,Liviko Liköör Vana Tallinn Kinkekarp 2 klaasiga 50 cl,"8,99 €  11,99 €/l "
7023,Kristallkümmel 50 cl,"15,99 €  21,32 €/l "
7024,Moldovskii Aist Black Label 50 cl,"15,49 €  20,65 €/l "
7025,"Cono Sur Pinot Noir Organico 08, Cono Sur, 75 cl","17,99 €  23,99 €/l "
7026,Cesari Amarone Della Valpolicella,"22,90 €  45,80 €/l "
7027,Sella & Mosca I Piani Rosso 75 cl,"21,90 €  43,80 €/l "
7028,"Jacob's Creek Semillon Chardonnay 18,7 cl","8,99 €  17,98 €/l "
7029,Metaxa 7 * 50 cl,"8,49 € 11,32 €/l "
7030,Liviko Vana Tallinn Signature 50 cl,"10,99 € 14,65 €/l "
7031,Sella&Mosca Cannonau Di Sardegna 75 cl,"29,90 € 39,87 €/l "
7032,Ballantine´s Brasil 70 cl,"39,90 € 53,20 €/l "
7033,"Viin Lime, FINLANDIA, 50 cl","8,49 €  11,32 €/l "
7034,Villa Antinori Rosso Toscana 75 cl,"2,99 €  15,99 €/l "
7035,Carmen Pinot Noir Right Wave 75 cl,"17,99 € 35,98 €/l "
7036,Jim beam Double Oak 70 cl,"22,90 € 45,80 €/l "
7037,"Crisp Cider, LOUIS RAISON, 330 ml","34,90 €  69,80 €/l "
7038,Jacob´s Creek Double Barrel Shiraz 75 cl,"12,99 €  17,32 €/l "
7039,Torres Las Mulas Carmenere 75 cl,"16,99 €  24,27 €/l "
7040,Waipara Hills Sauvignon Blanc 75 cl,"7,99 € 15,98 €/l "
7041,Pounamu Sauvignon Blanc 75 cl,"12,99 € 25,98 €/l "
7042,Royal Oporto LBV 75 cl,"22,90 €  30,53 €/l "
7043,Põltsamaa Tõmmu 2011 50 cl,"8,99 €  11,99 €/l "
7044,Jose Cuervo Especial Reposado 70 cl,"23,99 € 34,27 €/l "
7045,Singleton 12YO Pocket Scotch 20 cl,"38,90 € 55,57 €/l "
7046,Cabernet Sauvignon IGP Pays d'Oc 75 cl,"1,79 € 5,42 €/l "
7047,Sauvignon Blanc Organic 75 cl,"2,19 € 6,64 €/l "
7048,Nevskaya Vodka 50 cl,"16,99 €  22,65 €/l "
7049,Meukow Cognac VS 35 cl,"9,99 €  13,32 €/l "
7050,Marquis De Leon 20 cl,"10,99 € 14,65 €/l "
7051,Giacondi Montepulciano d'Abruzzo 75 cl,"11,99 € 15,99 €/l "
7052,Ballantine's Finest Scotch 1 L,"13,99 €  18,65 €/l "
7053,Taylors Select Port 75 cl,"21,90 €  29,20 €/l "
7054,Isle of Jura 10Y Old Single Malt 70 cl,"8,99 € 17,98 €/l "
7055,"Hele õlu Zubr Gold, ZUBR, 500 ml purk","11,49 € 22,98 €/l "
7056,"Hele õlu Litovel Premium, LITOVEL, 500 ml pudel","27,90 €  39,86 €/l "
7057,Le Grand Noir Moscato 75 cl,"15,99 €  79,95 €/l "
7058,Teliani Valley Alazani Red 75 cl,"8,99 €  11,99 €/l "
7059,Mount Gay XO 70 cl,"9,99 €  13,32 €/l "
7060,"Saku Originaal Pühadepruul, , 500 ml","8,99 €  17,98 €/l "
7061,Sauvignon IGP Pays d'Oc 75 cl,"16,99 € 48,54 €/l "
7062,Brands Laira Chardonnay 75 cl,"25,90 € 74,00 €/l "
7063,St.-Michelle Rose 75 cl,"3,59 €  17,95 €/l "
7064,"A.Le Coq Jõuluporter 4-pakk, , 4 x 500 ml pudel","6,49 € 8,65 €/l "
7065,Very Limoux Chardonnay 75 cl,"8,49 € 11,32 €/l "
7066,Mamm&Frukt Vaarikas 50 cl,"21,90 €  29,20 €/l "
7067,"Grover Beach Chill, KANE`S, 650 ml","49,90 €  71,29 €/l "
7068,Kendermanns Rose Organic 75 cl,"1,49 € 2,98 €/l "
7069,"HULGI Zonin Ripasso Valpolicella 6-kast, 6 x 75cl","1,69 € 3,38 €/l "
7070,"HULGI Hardy`s Mill Cellars Chardonnay 6-kast, 6 x 75cl","6,99 € 9,32 €/l "
7071,"HULGI Maori Bay Sauvignon Blanc Marlborough 6-kast, 6 x 75cl","8,99 € 11,99 €/l "
7072,"HULGI I Classici Pinot Grigio 6-kast, 6 x 75cl","6,49 € 8,65 €/l "
7073,"HULGI Johann Brunner Riesling Mosel 6-kast, 6 x 75cl","7,99 € 10,65 €/l "
7074,"HULGI Beringer Classic California Zinfandel Rose 6-kast, 6 x 75cl","55,90 €  79,86 €/l "
7075,"HULGI Mionetto Prestige Prosecco DOC Treviso Brut 6-kast, 6 x 75cl","1,39 € 2,78 €/l "
7076,"HULGI Peenjoogivabrik Nudist Rabarbra 6-kast, 6 x 75cl","8,99 €  11,99 €/l "
7077,"HULGI La Gioiosa Valdobbiadene Prosecco 6-kast, 6 x 75cl","11,99 € 15,99 €/l "
7078," Gran Castillo Cabernet-Shiraz, 300 cl","14,99 € 19,99 €/l "
7079,"Gran Castillo Viura & Chardonnay, 300 cl","13,99 €  18,65 €/l "
7080,Coq du Matin Chardonnay 75 cl,"4,99 €  62,38 €/kg "
7081,Coq du Matin Pinot Noir 75 cl,"12,99 €  25,98 €/l "
7082,Santa Tresa Il Grillo Supmante Organic 75 cl,"0,79 € 1,22 €/l "
7083,"Saku Kuld Draught, , 500 ml","7,49 € 9,99 €/l "
7084,"Somersby siider Watermelon, , 1 L","8,99 € 11,99 €/l "
7085,"Saku On Ice Mustsõstar, , 330 ml","57,90 €  12,87 €/l "
7086,"Saku On Ice Radler Watermelon, , 500 ml","25,90 €  5,76 €/l "
7087,"Jaanihanso Brut, , 75 cl","39,90 €  8,87 €/l "
7088,"Carlsberg Unfiltered, , 500 ml","29,90 €  6,64 €/l "
7089,"Grimbergen Pale Ale, , 500 ml","45,90 €  10,20 €/l "
7090,"Val de France Õuna käsitöösiider, , 330 ml","57,90 €  12,87 €/l "
7091,"Tanker Craft Fm, , 440 ml","57,90 €  12,87 €/l "
7092,Domkellerstolz White 100 cl,"19,99 €  6,66 €/l "
7093,Domkellerstolz Red 100 cl,"19,99 €  6,66 €/l "
7094,"Jaanihanso Doux, , 75 cl","13,99 €  13,99 €/kg "
7095,"Blue Moon Bier, , 330 ml","13,99 €  13,99 €/kg "
7096,"Junibeer, RE-Crafted, 275 ml","7,49 € 9,99 €/l "
7097,"Pure Spirit Hard Seltzer Lemon-Lime, 440 ml","8,99 € 11,99 €/l "
7098,"Pure Spirit Hard Seltzer Kiwi-Apple, 440 ml","7,49 € 9,99 €/l "
7099,"Pure Spirit Hard Seltzer Blueberry, 440 ml","1,49 € 3,39 €/l "
7100,"Tori Siidritalu Rondo, , 330 ml","2,79 € 8,45 €/l "
7101,"Velkopopovicky Kozel Premium Lager, , 500 ml","1,39 € 2,78 €/l "
7102,"Velkopopovicky Kozel Dark, , 500 ml","1,79 € 3,58 €/l "
7103,"Tanker Kraft Lager, , 440 ml","1,39 € 2,78 €/l "
7104,R.Delisle 1738 Royal 70 cl,"1,79 € 3,58 €/l "
7105,"Blueberry & Lime, Absolut Mixt, 275 ml","2,79 € 6,34 €/l "
7106,Saaremaa Gin Rabarber 50 cl,"84,00 €  120,00 €/l "
7107,"Summer Spritz, , 275 ml","2,19 € 7,96 €/l "
7108,El Pasador De Oro Gran Reserva 70 cl,"8,99 € 17,98 €/l "
7109,Mozart Chocolate Cream 50 cl,"11,99 € 23,98 €/l "
7110,Grüner Veltliner Seewinkel 75 cl,"1,29 € 4,69 €/l "
7111,"Mango-granadilli nektar, PFANNER, 1 L","68,00 €  97,14 €/l "
7112,"ACE multimahlajook, PFANNER, 2 L","17,99 €  35,98 €/l "
7113,"Apelsinmahl, PFANNER, 200 ml","6,99 €  9,32 €/l "
7114,"Õunamahl, PFANNER, 200 ml","1,79 €  1,79 €/l "
7115,Hlibny Dar Classic Vodka 50 cl,"2,49 €  1,25 €/l "
7116,Label 5 Classic Black Scotch Whisky 50 cl,"0,49 €  2,45 €/l "
7117,Brugal 1888 70 cl,"0,49 €  2,45 €/l "
7118,Russkii Ljod Vodka 50 cl,"7,99 € 15,98 €/l "
7119,Chambord Rasberry 50 cl,"11,99 € 23,98 €/l "
7120,Trapiche Varietals Sauv.Blanc 75 cl,"9,99 € 19,98 €/l "
7121,Codici Primitivo Puglia 75 cl,"13,99 € 27,98 €/l "
7122,Codici Primitivo Appassimento Salento 75 cl,"59,90 €  85,57 €/l "
7123,Gran Mirador Dark Blend 75 cl,"12,99 €  25,98 €/l "
7124,Gran Mirador Red Blend 75 cl,"18,99 €  37,98 €/l "
7125,Bollino Cherry 75 cl,"6,49 € 8,65 €/l "
7126,Masi Modello Pinot Grigio 75 cl,"7,99 € 10,65 €/l "
7127,Nederburg 1791 Shiraz 75 cl,"7,49 € 9,99 €/l "
7128,Nederburg Rose 75 cl,"9,99 € 13,32 €/l "
7129,LAB Red Reserva 75 cl,"9,99 € 13,32 €/l "
7130,LAB Arinto-Chardonnay Reserva 75 cl,"11,99 € 15,99 €/l "
7131,Porto Cruz Late Bottled Vintage 75 cl,"6,49 € 8,65 €/l "
7132,"Premium Tomatimahl, DON SIMON, 1 L","8,99 € 11,99 €/l "
7133,"Bacardi & Cola, 250 ml","6,49 € 8,65 €/l "
7134,"Apelsini-sidruni energiavesi, BELIEF, 530 ml","8,99 € 11,99 €/l "
7135,"Õlu Einberger 24-kohver, 7,92 L","4,99 €  6,65 €/l "
7136,"Jack Daniel's Cola, , 330 ml","10,49 € 13,99 €/l "
7137,"Looduslik mineraalvesi karboniseeritud, VÄRSKA, 800 ml","7,99 €  10,65 €/l "
7138,Karksi Paradiisiõuna-Rabarberi 75 cl,"7,99 €  10,65 €/l "
7139,"Mineraalvesi karboniseerimata, VÄRSKA, 800 ml","9,99 €  13,32 €/l "
7140,"Mango-aprikoosi nektar, AURA, 1 L","9,99 €  13,32 €/l "
7141,"Somersby Apple, , 1 L","18,99 €  25,32 €/l "
7142,"Somersby Pear, , 500 ml","2,69 € 2,69 €/l "
7143,"Tuborg Lime Cut, , 330 ml","1,89 € 7,56 €/l "
7144,"Bubbles Apple, VICHY FRESH, 1,5 L","12,59 € 1,59 €/l "
7145,"Lime&Mint, SINEBRYCHOFF, 500 ml","4,39 €  8,78 €/kg "
7146,"LD Mint&Lime, SINEBRYCHOFF, 1,5 L","1,99 € 6,03 €/l "
7147,"Bubbles Apple, VICHY FRESH, 500ml","2,69 € 8,15 €/l "
7148,"Somersby Pear, , 1 L","0,59 € 0,74 €/l "
7149,Mud House Riesling 75 cl,"5,29 €  7,05 €/l "
7150,Marani Tvishi 75 cl,"0,59 € 0,74 €/l "
7151,Nikka from The Barrel 50 cl,"1,19 €  1,19 €/l "
7152,Johann Brunner Rose 75 cl,"2,59 € 2,59 €/l "
7153,Vallformosa Cava Classic Brut 75 cl,"1,29 € 2,58 €/l "
7154,Jägermeister Manifest 100 cl,"1,69 € 3,38 €/l "
7155,Zensa Primitivo Organic 75 cl,"1,09 € 3,30 €/l "
7156,Zensa Nero D´Avola Organic 75 cl,"5,49 € 10,98 €/l "
7157,Lignum Vitis Frappato Shiraz 75 cl,"1,09 € 0,73 €/l "
7158,"Kali Karksi, KARKSI, 820 ml","1,25 € 2,50 €/l "
7159,"Hapendatud kasemahl, KASEVETEKOHIN, 500ml","1,69 € 3,38 €/l "
7160,"Apelsinijook suhkruvaba, PFANNER, 2 L","49,90 €  99,80 €/l "
7161,Xante Coconut Cream & Pear 50 cl,"5,99 € 7,99 €/l "
7162,"Smuutike mango-õun, LIMPA, 200 ml","7,99 € 10,65 €/l "
7163,"Smuutike maasika-banaani, LIMPA, 200 ml","7,99 €  10,65 €/l "
7164,"Crafters Junibeer, RE-CRAFTED, 275 ml","7,99 € 10,65 €/l "
7165,Blu Giovello Pinot Grigio 75 cl,"9,99 € 13,32 €/l "
7166,Paladin Pinot Grigio Rose 75 cl,"12,99 €  17,32 €/l "
7167,Paladin Syrah 75 cl,"1,19 € 1,45 €/l "
7168,Paladin Merlot 75 cl,"1,29 € 2,58 €/l "
7169,Maschio Pinot Grigio Extra Dry Spumante 75 cl,"2,69 €  2,69 €/l "
7170,Paladin Prosecco Millesimato Spumante 75 cl,"4,39 €  14,63 €/kg "
7171,"Somersby Pear, , 330 ml","2,79 € 9,30 €/l "
7172,"Somersby Pear 6-pakk, , 1,98 L","2,79 € 9,30 €/l "
7173,"Gaasita vesi sidrunimahlaga, AURA, 330 ml","2,79 € 9,30 €/l "
7174,"Karboniseeritud looduslik mineraalvesi, BORJOMI, 500 ml","2,99 €  1,50 €/l "
7175,"Karboniseeritud looduslik mineraalvesi, BORJOMI, 1 L","8,99 €  17,98 €/l "
7176,"Karboniseeritud looduslik mineraalvesi, BORJOMI, 330 ml","0,89 €  4,45 €/l "
7177,"Karboniseeritud looduslik mineraalvesi, BORJOMI, 1,25 L","0,89 €  4,45 €/l "
7178,"Karboniseeritud looduslik mineraalvesi 6-pakk, BORJOMI, 6 x 1,25L","1,29 €  11,73 €/kg "
7179,"Karboniseeritud looduslik mineraalvesi 6-pakk, BORJOMI, 6 x 1 L","1,29 €  11,73 €/kg "
7180,"Granadilli mahlajook, PFANNER, 1 L","1,29 €  11,73 €/kg "
7181,"Õunamahl 100%, PFANNER, 2 l","1,99 € 7,24 €/l "
7182,Batsland Jean Biecher Riesling Alsace 75 cl,"10,99 €  14,65 €/l "
7183,"Alkoholivaba õlu Porter, A. LE COQ, 330 ml","0,99 € 3,00 €/l "
7184,"Gaseeritud looduslik mineraalvesi, HAAGE, 750 ml","1,49 € 1,99 €/l "
7185,"Gaseerimata looduslik mineraalvesi, HAAGE, 750 ml","1,49 € 1,99 €/l "
7186,Russkii Ljod Vodka 70 cl,"12,99 € 18,56 €/l "
7187,"Õlu Corona Extra, , 330 ml","17,99 € 25,70 €/l "
7188,De Kuyper Sour Rhubarb 50 cl,"5,99 €  299,50 €/kg "
7189,Loggia Dei Colli Sauvignon 75 cl,"12,99 €  25,98 €/l "
7190,Blu Giovello Prosecco 75 cl,"14,59 €  14,59 €/kg "
7191,Blu Giovello Moscato 75 cl,"13,99 €  18,65 €/l "
7192,Paladin Prosecco Tondo Spumante 75 cl,"12,99 €  17,32 €/l "
7193,Loggia Dei Colli Chardonnay 75 cl,"12,99 €  17,32 €/l "
7194,Loggia Dei Colli Cabernet Sauvignon 75 cl,"9,99 €  13,32 €/l "
7195,"Mustsõstra siirup, AURA, 750 ml","9,99 €  13,32 €/l "
7196,"Hele õlu Sandels, SANDELS, 500 ml","1,89 €  2,52 €/l "
7197,Viru Valge Cranberry 50 cl,"1,09 € 2,18 €/l "
7198,Goru Red 75 cl,"2,39 € 9,56 €/l "
7199,Casa Charlize Blanc de Blancs 75 cl,"0,99 € 3,96 €/l "
7200,Laroche Rose 75 cl,"2,39 € 9,56 €/l "
7201,"Refresh, VITAMIN WELL, 500 ml","0,99 € 3,96 €/l "
7202,Raimat Pirineca Tempranillo 75 cl,"2,39 € 9,56 €/l "
7203,Mumm Grand Cordon karbis 75 cl,"9,99 €  33,30 €/kg "
7204,Vila Real Douro Reserva 75 cl,"8,99 € 11,99 €/l "
7205,Laroche La Chevaliere Chardonnay 75 cl,"7,99 € 10,65 €/l "
7206,Laroche La Chevaliere Sauvignon Blanc 75 cl,"10,49 € 13,99 €/l "
7207,"Somersby Blackberry, 1 L","1,89 € 3,78 €/l "
7208,"Gaseeritud vesi Sidruni-laimi, SPLÄSH, 330 ml","11,99 €  15,99 €/l "
7209,"Kaktuse-Laimi-Õuna, TYMBARK, 250 ml","46,90 € 62,53 €/l "
7210,"Multinektar, AURA, 330 ml","7,99 € 10,65 €/l "
7211,"Mineraalvesi Värska Mineraal, VÄRSKA MINERAAL, 1,5 L","7,99 € 10,65 €/l "
7212,Lar de Plata Cava Brut 75 cl,"1,09 € 3,30 €/l "
7213,Lar de Plata Cava Semi Seco 75 cl,"1,29 €  3,91 €/kg "
7214,Hogarth Pink Gin 70 cl,"1,29 €  3,91 €/kg "
7215,Saaremaa Vodka Unfiltered 70 cl,"0,79 € 3,16 €/l "
7216,"Saku Mandli Tume, 500 ml","4,99 € 6,65 €/l "
7217,"Saku Jõulumõdu, , 500 ml","4,99 € 6,65 €/l "
7218,"Saku Pühadeporter 4-pakk, 2 L","4,99 € 6,65 €/l "
7219,"Karksi Jõuluporter, 500 ml","1,19 € 0,79 €/l "
7220,"Karksi Kirsiõlu, 500 ml","7,99 €  53,99 €/kg "
7221,Russian Standard Vodka 70 cl,"4,29 €  6,13 €/kg "
7222,Absolut Juice Apple 50 cl,"4,99 € 6,65 €/l "
7223,Absolut Juice Strawberry 50 cl,"5,99 € 7,99 €/l "
7224,Beefeater Blood Orange 70 cl,"4,99 € 6,65 €/l "
7225,Scottish Leader 1 L,"5,99 € 7,99 €/l "
7226,Wenneker 24 Carrot 70 cl,"16,99 €  24,27 €/l "
7227,"Le Coq Abbey, , 500 ml","1,39 € 2,78 €/l "
7228,"Le Coq Blanche, , 500 ml","5,99 € 3,00 €/l "
7229,"Energiajook Sugarfree, RED BULL, 355 ml","1,49 € 2,98 €/l "
7230,"Red Edition, RED BULL, 250 ml","1,19 € 2,38 €/l "
7231,"Energiajook Winter Edition, RED BULL, 250 ml","1,49 € 2,98 €/l "
7232,Dry Gin 50 cl,"19,99 € 19,99 €/l "
7233,"HULGI Apelsini-virsiku-grenadilli mahlajook 6-pakk, SELVER, 6 x 1,5 L","24,90 € 24,90 €/l "
7234,"HULGI Apelsini-sidruni-porgandi mahlajook 6-pakk, SELVER, 6 x 1,5 L","17,99 €  25,70 €/l "
7235,"HULGI Joogivesi gaseeritud 6-pakk 2tk, SELVER, 2 x 9 L","0,99 €  31,63 €/kg "
7236,"HULGI Joogivesi Sidrun 6-pakk 2tk, SELVER, 2 x 9 L","0,99 €  19,80 €/kg "
7237,"HULGI Apelsinimahl 18-pakk, AURA, 18 x 330 ml","0,99 €  26,40 €/kg "
7238,"HULGI Tomatimahl 18-pakk, AURA, 18 x 330 ml","0,99 €  22,60 €/kg "
7239,"HULGI Õunamahl 18-pakk, AURA, 18 x 330 ml","1,19 € 2,38 €/l "
7240,"HULGI Multi kõrrejook 18-pakk, LIMPA, 18 x 250 ml","1,69 € 3,38 €/l "
7241,"HULGI Õuna-Kirsi kõrrejook 18-pakk, LIMPA, 18 x 250 ml","1,19 € 2,38 €/l "
7242,"HULGI Maasika kõrrejook 18-pakk, LIMPA, 18 x 250 ml","1,59 € 3,18 €/l "
7243,"HULGI Coca-Cola 6-pakk, COCA-COLA, 6 x 2 L","1,89 € 5,32 €/l "
7244,"Vitamiinijook Awake, VITAMIN WELL, 500 ml","3,79 € 5,05 €/l "
7245,"A. Le Coq Raspberry Ale, 500 ml","2,69 € 8,97 €/l "
7246,"Vitamiinidega vesi Immunity, VITAMINERAL, 750 ml","2,69 € 8,97 €/l "
7247,"Rose Lemonade, JOHNNY BLOOM`S, 330 ml","2,69 € 8,97 €/l "
7248,Monarque (pet) 50 cl,"2,69 € 8,97 €/l "
7249,"Vahuvein alkoholivaba, HENKELL, 750 ml","24,90 €  49,80 €/l "
7250,Dalkowski Advocaat 50 cl,"4,50 € 0,50 €/l "
7251,"Ingverijook, GINGER DUKE, 750 ml","6,99 € 9,32 €/l "
7252,Sopra Sasso Ripasso Valpolicella 75 cl,"10,99 € 14,65 €/l "
7253,Barone Montalto Syrah Terre Siciliane 75 cl,"14,49 € 19,32 €/l "
7254,Königsmosel Riesling 75 cl,"6,49 € 8,65 €/l "
7255,Laua viin 35 cl,"8,99 € 11,99 €/l "
7256,Kingsmill Pink Gin 50 cl,"5,99 € 7,99 €/l "
7257,Kingsmill Gin 20 cl,"6,99 € 9,32 €/l "
7258,Marani Saperavi 75 cl,"4,99 €  14,26 €/l "
7259,Marani Tsinadali 75 cl,"9,99 €  19,98 €/l "
7260,Piqueras Marius Organic Cabernet Sauvignon 75 cl,"3,99 €  19,95 €/l "
7261,"Aromatic Tonic Water, FEVER TREE, 500 ml","6,49 € 8,65 €/l "
7262,Moonlight & Roses 75 cl,"8,99 € 11,99 €/l "
7263,Kavalan Concertmaster Port Cask Finish 70 cl,"6,49 € 8,65 €/l "
7264,Solar Viejo Tempranillo 75 cl,"8,99 € 11,99 €/l "
7265,Villa Krim Muscat Riviera 75 cl,"6,49 € 8,65 €/l "
7266,"Staropramen Premium, , 500 ml","8,99 € 11,99 €/l "
7267,"Carlsberg, 500 ml","3,29 € 6,58 €/l "
7268,"Tori Siidritalu Demi Sec, , 330 ml","13,49 €  17,99 €/l "
7269,"Saku Antvärk Paljas õun, , 330 ml","75,00 €  107,14 €/l "
7270,"Vahuvein alkoholivaba, BARTON & GUESTIER, 75 cl","7,99 €  10,65 €/l "
7271,Appassinero Negroamaro Primitivo 75 cl,"5,49 €  7,32 €/l "
7272,William Robertson Chenin Blanc 75 cl,"1,59 € 3,18 €/l "
7273,Prosecco Cuvee Rose 1821 75 cl,"2,79 € 8,45 €/l "
7274,Mamm&Frukt Fuuria 75 cl,"1,49 € 4,52 €/l "
7275,"MG Spirit Cuba Libre, 275 ml","5,99 € 7,99 €/l "
7276,"Hartwall Original Long Drink Purk 6-pakk, , 6 x 440 ml purk","5,99 € 7,99 €/l "
7277,"Gaseeritud vesi Maasika-kiivi, SPLÄSH, 330 ml","7,99 € 10,65 €/l "
7278,Laugel Alsace Pinot Gris 75 cl,"8,99 € 11,99 €/l "
7279,Sobreno Finca Organic Tempranillo 75 cl,"11,99 € 15,99 €/l "
7280,"Sparkling Raspberry, FENTIMANS, 275 ml","8,99 €  11,99 €/l "
7281,"Ginger Joe Stone´s Ginger Beer Extra, , 330 ml","12,99 €  17,32 €/l "
7282,Hardy`s Crest Shiraz 75 cl,"15,49 €  20,65 €/l "
7283,Hardy`s Crest Sauvignon Blanc 75 cl,"1,99 € 7,24 €/l "
7284,Viru Valge Mango 50 cl,"8,49 € 3,22 €/l "
7285,Viru Valge Pomegranate 50 cl,"10,59 € 4,01 €/l "
7286,Marquis De Leon Cherry 50 cl,"1,09 € 3,30 €/l "
7287,Old Thornhill viski 50 cl,"13,99 €  18,65 €/l "
7288,Viru Valge Pipra Naps Meega 50 cl,"9,49 € 12,65 €/l "
7289,Jean-Baptiste Audy Ch.Chantemerle Medoc AOC 75 cl,"11,99 € 15,99 €/l "
7290,Remy Martin VS Superieur 50 cl,"1,99 € 7,24 €/l "
7291,St. Michelle Chateau Riesling 75 cl,"2,99 € 9,06 €/l "
7292,Gin Smoky Flavorwood 70 cl,"6,49 € 8,65 €/l "
7293,"Sidruni-ingveri orgaaniline karastusjook, EGO, 330 ml","8,99 € 11,99 €/l "
7294,"Apelsinimahl C+D3, LARGO, 1 L","6,49 € 8,65 €/l "
7295,Mas Pere Brut Seleccio Cava 75 cl,"8,99 € 11,99 €/l "
7296,Muu piiritusjook Argo 5* 35 cl,"9,99 €  19,98 €/l "
7297,Beveland Pisang 70 cl,"8,99 €  17,98 €/l "
7298,"Mustika-jõhvika, DR. ACTIVE, 500 ml","9,99 €  13,32 €/l "
7299,"Mustika-jõhvika, DR. ACTIVE, 1,5 L","2,29 €  38,17 €/l "
7300,"Hoggy`s Gin Yuzu, , 500 ml","2,29 €  38,17 €/l "
7301,"Hoggy`s Gin, , 1 l","2,29 €  38,17 €/l "
7302,"Cono Sur Riesling Bicicleta, Cono Sur, 75 cl","5,99 €  17,11 €/l "
7303,"Energiajook Guarana, CULT, 500 ml","11,49 €  16,41 €/l "
7304,"Energiajook Original, CULT, 500 ml","3,49 € 4,65 €/l "
7305,"Hartwall Original Light, 330 ml","1,79 € 6,39 €/l "
7306,"Budweiser Lager, 330 ml","3,49 € 4,65 €/l "
7307,"Aedviljapüree kanafileega 6+, PÕNN, 190 g","1,39 €  7,32 €/kg "
7308,"Köögivilja-õunapüree 4+, PÕNN, 130 g","0,89 €  6,85 €/kg "
7309,"Ökoloogiline Puuviljasmuuti 6+, PÕNN, 110 g","1,19 €  10,82 €/kg "
7310,"HULGI Niisked salvrätikud Sensitive 6-pakk, PAMPERS, 480 tk","8,99 €  0,02 €/tk "
7311,"HULGI Püksmähkmed MB S4 maxi, PAMPERS, 9-15 kg/104 tk","24,90 €  0,24 €/tk "
7312,"HULGI Püksmähkmed MB S5 junior, PAMPERS, 12-17 kg/96 tk","24,90 €  0,26 €/tk "
7313,"HULGI Püksmähkmed MB S6 extra large, PAMPERS, 16+ kg/88 tk","24,90 €  24,90 €/tk "
7314,"Pirnipüree öko 4+, PÕNN, 100 g","1,39 €  13,90 €/kg "
7315,"Mangopüree öko 4+, PÕNN, 100 g","1,39 €  13,90 €/kg "
7316,"Neljaviljapuder banaani ja mustikaga öko 6+, PÕNN, 110 g","1,59 €  14,45 €/kg "
7317,"Õuna-, pirni- ja banaanipüree BIO 4k, HIPPIS, 100 g","1,29 €  12,90 €/kg "
7318,"Maasikasmuuti 6+ öko, PÕNN, 110 g","1,59 €  14,45 €/kg "
7319,"Mustika-õunapüree öko, PÕNN, 100 g","1,39 €  13,90 €/kg "
7320,"Ökoloogiline Aprikoosi-õunapüree (4 kuud), PÕNN, 100 g","1,39 €  13,90 €/kg "
7321,"Niisked salvrätikud Pure, HUGGIES, 56 tk","2,29 €  0,04 €/tk "
7322,"Ökoloogiline puuvilja-jogurtismuuti küpsistega, PÕNN, 110 g","1,59 €  14,45 €/kg "
7323,"Kõrvitsapüree Öko 4+, PÕNN, 100 g","0,99 €  9,90 €/kg "
7324,"Köögiviljapüree veiselihaga öko 6+, PÕNN, 110 g","1,59 €  14,45 €/kg "
7325,"Banaanipüree pirni ja mangoga BIO, HIPPIS, 100 g","1,29 €  12,90 €/kg "
7326,"Köögiviljapüree veiselihaga 6+, PÕNN, 190 g","1,69 €  8,89 €/kg "
7327,"Õunapüree virsiku ja metsamarjadega BIO, HIPPIS, 100 g","1,29 €  12,90 €/kg "
7328,"Hippis õuna-banaanipüree beebiküpsistega BIO, HIPP, 100 g","1,39 €  13,90 €/kg "
7329,"Õuna-banaanipüree, vaarika ja täisteraviljaga BIO 6K, HIPPIS, 100 g","1,29 €  12,90 €/kg "
7330,"Aedvilja-nuudliroog kalkunilihaga 8+, PÕNN, 190 g","1,79 €  9,42 €/kg "
7331,"Köögiviljapüree kanalihaga öko 6+, PÕNN, 110 g","1,59 €  14,45 €/kg "
7332,"Köögiviljapüree seasisefileega Öko, PÕNN, 110 g","1,59 €  14,45 €/kg "
7333,"Juurviljapüree vasikalihaga BIO, HIPP, 220 g","1,89 €  8,59 €/kg "
7334,"Niisked salvrätikud Sensitive, PAMPERS, 52 tk","1,99 €  0,04 €/tk "
7335,"Öko Porgandi-kartulipüree (4 kuud), PÕNN, 100 g","1,39 €  13,90 €/kg "
7336,"Õunapüree maasikate-banaanidega BIO, HIPPIS, 100 g","1,29 €  12,90 €/kg "
7337,"Veiselihapüree BIO, HIPP, 125 g","2,69 €  21,52 €/kg "
7338,"Niisked salvrätikud Pure, PAMPERS, 48 tk","2,99 €  0,06 €/tk "
7339,"Hippis pirni- ja õunapüree BIO, HIPP, 100 g","1,39 €  13,90 €/kg "
7340,"Bataadipüree Öko 4+, PÕNN, 100 g","0,99 €  9,90 €/kg "
7341,"Brokkoli-pirni-hernepüree, ELLA'S KITCHEN, 120 g","1,99 €  16,58 €/kg "
7342,"Fruktmums puuviljapüree virsiku, õuna, banaani 6+, SEMPER, 110 g","1,29 €  11,73 €/kg "
7343,"Niisked salvrätikud Pure, HUGGIES, 3x56tk","4,49 €  0,03 €/tk "
7344,"Kõrvitsa-brokoliroog kala-nuudli 8+, PÕNN, 190 g","1,79 €  9,42 €/kg "
7345,"Õuna-pirnipüree kuivikuga BIO, HIPPIS, 100 g","1,29 €  12,90 €/kg "
7346,"Krõbedad Porgandipulgad Öko 6+, ORGANIX, 20 g","1,69 €  84,50 €/kg "
7347,"Head ööd. Teraviljapuder piimasegu ja banaaniga BIO, HIPP, 190 g","1,69 €  8,89 €/kg "
7348,"Niisked Salvrätikud Natural Care, HUGGIES, 56 tk","2,29 €  0,04 €/tk "
7349,"Püree õuna-porgandi-pastinaa, ELLA'S KITCHEN, 120 g","1,99 €  16,58 €/kg "
7350,"Kana-pastaroog öko 8+, PÕNN, 120 g","1,79 €  14,92 €/kg "
7351,"Spagetid Bolognese kastmega öko 8+, PÕNN, 120 g","1,79 €  14,92 €/kg "
7352,"Aedviljapüree riisi ja kalkunilihaga BIO, alates 1 eluaastast, HIPP, 220 g","1,89 €  8,59 €/kg "
7353,"Niisked lapid Wet Wipes 72tk, HELEN HARPER, 72 tk","2,29 €  0,03 €/tk "
7354,"Hautatud veiseliha kartuliga, ELLA'S KITCHEN, 130 g","2,59 €  19,92 €/kg "
7355,"Puuviljasõber õuna-banaanibatoon vaarikaga BIO 1+, HIPP, 23 g","1,09 €  47,39 €/kg "
7356,"Orgaaniline puuviljapüree Punane, ELLA'S KITCHEN, 90 g","1,49 €  16,56 €/kg "
7357,"Niisked salvrätikud Sensitive, PAMPERS, 80 tk","2,49 €  0,03 €/tk "
7358,"Ploomipüree 4+, GOOD GOUT, 120 g","1,89 €  15,75 €/kg "
7359,"Peedi-juurviljapüree õuna ja loomalihaga BIO, HIPP, 220 g","1,99 €  9,05 €/kg "
7360,"Head ööd! Teraviljapuder piimasegu, küpsiste ja õuntega BIO, HIPP, 190 g","1,69 €  8,89 €/kg "
7361,"Niisked salvrätikud Sensitive Skin, NEUTRAL, 63 tk","3,29 €  0,05 €/tk "
7362,"Fruktmums puuviljapüree pirni, baani, mango 6+, SEMPER, 110 g","1,29 €  11,73 €/kg "
7363,"Kõrvitsapüree kartuliga öko, HIPP, 125 g","1,19 €  9,52 €/kg "
7364,"Head ööd. Teraviljapuder piimasegu ja puuviljadega BIO, 190 g","1,69 €  8,89 €/kg "
7365,"Fruktmums puuviljapüree õuna, vaarika, banaani 6+, SEMPER, 110 g","1,29 €  11,73 €/kg "
7366,"Orgaaniline puuviljapüree Lilla, ELLA'S KITCHEN, 90 g","1,49 €  16,56 €/kg "
7367,"Riisivahvlid mustikaga 8+ öko, HIPP, 30 g","1,69 €  56,33 €/kg "
7368,"Köögiviljapüree lambalihaga 6+, PÕNN, 190 g","1,79 €  9,42 €/kg "
7369,"Püksmähkmed Pants 4 Girl, HUGGIES, 9-14 kg/52 tk","14,99 €  0,29 €/tk "
7370,"Kaera- riisipuder õuna ja virsikuga, valmistoit 6+, SEMPER, 120 g","1,29 €  10,75 €/kg "
7371,"Valmis piimasegu Aptamil 2, APTAMIL, 2x200 ml","3,19 €  7,98 €/l "
7372,"Püksmähkmed Pants 4 Boy, HUGGIES, 9-14 kg/52 tk","14,99 €  0,29 €/tk "
7373,"Hommikupüree mango, ELLA'S KITCHEN, 100 g","1,99 €  19,90 €/kg "
7374,"Õuna-vaarikapüree granaatõuna ja acerola-kirsiga, SUPER HIPPIS, 100 g","1,49 €  14,90 €/kg "
7375,"Kaera-riisipuder puuviljadega, valmistoit 6+, SEMPER, 120 g","1,29 €  10,75 €/kg "
7376,"Porgandipüree Öko 4+, PÕNN, 100 g","0,99 €  9,90 €/kg "
7377,"Nuudlid merekalaga brokoli-koorekastmes, HIPP, 220 g","1,89 €  8,59 €/kg "
7378,"Õuna-banaani smuutijook punaste marjadega BIO, HIPP, 120 ml","1,59 €  13,25 €/l "
7379,"Kaerapuder aprikoosiga ÖKO 6+, PÕNN, 200 g","1,59 €  7,95 €/kg "
7380,"Õuna-banaanipüree kirsi ja täisteraviljaga BIO 6k, HIPPIS, 100 g","1,29 €  12,90 €/kg "
7381,"Krõbedad Maisirõngad Öko, ORGANIX, 20 g","1,69 €  84,50 €/kg "
7382,"Orgaaniline puuviljapüree Roheline, ELLA'S KITCHEN, 90 g","1,49 €  16,56 €/kg "
7383,"Õuna-pirnipüree draakonvilja ja musta sõstraga BIO 12+, HIPP, 100 g","1,49 €  14,90 €/kg "
7384,"Tomati - nuudlipüree BIO vasikalihaga, HIPP, 220 g","1,99 €  9,05 €/kg "
7385,"Aptamil Kinder-Milch 12+, APTAMIL, 200 g","1,79 €  8,95 €/l "
7386,"Püksmähkmed Elite Soft 4, HUGGIES, 9-14 kg/42 tk","20,90 €  0,50 €/tk "
7387,"Püksmähkmed JP Junior suurus 5, PAMPERS, 12-18 kg/48 tk","17,99 €  0,37 €/tk "
7388,"Jätkupiimasegu Aptamil 2, APTAMIL, 800 g","13,99 €  17,49 €/kg "
7389,"Õuna-pirni smuutijook mustikatega BIO, HIPP, 120 ml","1,59 €  13,25 €/l "
7390,"Niisked salvrätikud Pure, PAMPERS, 144 tk","7,99 €  0,06 €/tk "
7391,"Mähkmed Elite Soft 3, HUGGIES, 5-9 kg/80 tk","21,90 €  0,27 €/tk "
7392,"Valmis piimasegu Aptamil 1, APTAMIL, 2x200 ml","3,19 €  7,98 €/l "
7393,"Voodi kaitselina, HELMI, 6 tk","2,79 €  0,47 €/tk "
7394,"Aedviljapüree BIO, alates 4 elukuust, HIPP, 125 g","1,19 €  9,52 €/kg "
7395,"Pirnipüree banaani ja kiiviga BIO 6K, HIPPIS, 100 g","1,29 €  12,90 €/kg "
7396,"Mähkmed Elite Soft 4, HUGGIES, 8-14 kg/66 tk","21,90 €  0,33 €/tk "
7397,"Niisked salvrätikud, NATY, 56 tk","2,99 €  0,05 €/tk "
7398,"Püksmähkmed JP Maxi suurus 4, PAMPERS, 9-14 kg/52 tk","17,99 €  0,35 €/tk "
7399,"Niisked laste tualettpaberid, HIPP, 50 tk","2,49 €  0,05 €/tk "
7400,"Mähkmed Elite Soft 1, HUGGIES, 3-5 kg/26 tk","4,99 €  0,19 €/tk "
7401,"Head Ööd piimapudrupulber kaera-õuna, HIPP, 250 g","3,59 €  14,36 €/kg "
7402,"Jätkupiimasegu 2 BIO Combiotik 6+, HIPP, 200 g","1,99 €  9,95 €/l "
7403,"Beebiküpsis öko, HIPP, 150 g","2,39 €  15,93 €/kg "
7404,"Hommikupüree mustika-pirni, ELLA'S KITCHEN, 100 g","1,99 €  19,90 €/kg "
7405,"Maasika-banaani maisipulgad, ELLA'S KITCHEN, 20g","1,29 €  64,50 €/kg "
7406,"Püksmähkmed Elite Soft 3, HUGGIES, 6-11 kg/54 tk","20,90 €  0,39 €/tk "
7407,"Püksmähkmed Elite Soft 5, HUGGIES, 12-17 kg/38 tk","20,90 €  0,55 €/tk "
7408,"Püksmähkmed Smart Choice Junior, HELEN HARPER, 12-18kg/20tk","4,99 €  0,25 €/tk "
7409,"Püksmähkmed Smart Choice Maxi, suurus 4, HELEN HARPER, 8-13 kg/22 tk","4,99 €  0,23 €/tk "
7410,"Beebi vanni- ja dušigeel Sensitive Skin, NEUTRAL, 250 ml","3,49 €  13,96 €/l "
7411,"Neljaviljapuder vaarikaga ÖKO 6+, PÕNN, 200 g","1,59 €  7,95 €/kg "
7412,"Spargelkapsa risoto küülikulihaga 8+, HIPP, 220 g","1,89 €  8,59 €/kg "
7413,"Piimasegu Kindermilch 12+, APTAMIL, 800 g","13,99 €  17,49 €/kg "
7414,"Orgaaniline puuviljapüree Kollane, ELLA'S KITCHEN, 90 g","1,49 €  16,56 €/kg "
7415,"Kanaroog riisiga, ELLA'S KITCHEN, 130 g","2,59 €  19,92 €/kg "
7416,"Mahe kolmeviljapuder, HOLLE, 250 g","3,99 €  15,96 €/kg "
7417,"Imikupiimasegu 1 Combiotic BIO 0+, HIPP, 200ml","1,69 €  8,45 €/l "
7418,"Safari küpsised 6K, MILUPA, 180 g","2,89 €  16,06 €/kg "
7419,"Täisterapuder puuviljade ja piimaga 10+, MILUPA, 250 g","3,59 €  14,36 €/kg "
7420,"Piimasegu Aptamil 1, APTAMIL, 800 g","13,99 €  17,49 €/kg "
7421,"Lambaroog köögiviljadega, ELLA'S KITCHEN, 130 g","2,59 €  19,92 €/kg "
7422,"Püksmähkmed Pants 3 Girl, HUGGIES, 6-11 kg/58 tk","14,99 €  0,26 €/tk "
7423,"Laste hirsipulgad BIO 8k, HIPP,","1,29 €  43,00 €/kg "
7424,"Mähkmed Elite Soft 2, HUGGIES, 4-6 kg/66 tk","12,99 €  0,20 €/tk "
7425,"Maasika-õuna kaerabatoon, ELLA'S KITCHEN, 25 g","1,29 €  51,60 €/kg "
7426,"Krõbedad teraviljarõngad juustuga ÖKO, HIPP, 25 g","1,39 €  55,60 €/kg "
7427,"Püksmähkmed Smart Choice Junior, suurus 5, HELEN HARPER, 12-18 kg/40 tk","12,99 €  0,32 €/tk "
7428,"Rinnahoidjakaitsed, HELEN HARPER, 30 tk","2,49 €  0,08 €/tk "
7429,"Püksmähkmed Smart Choice Maxi, suurus 4, HELEN HARPER, 8-13 kg/44 tk","12,99 €  0,30 €/tk "
7430,"Banaani-kookosepüree, ELLA'S KITCHEN, 120 g","1,89 €  15,75 €/kg "
7431,"Mähkmed Maxi, MUUMI, 7-14 kg/46 tk","15,99 €  0,35 €/tk "
7432,"Mähkmed Ultra Comfort 4 Boy, HUGGIES, 8-14 kg kg/66 tk","17,99 €  0,27 €/tk "
7433,"Kitsepiimasegu 2 6+, HOLLE, 400 g","15,99 €  39,98 €/kg "
7434,"Mahe riisihelbepuder, HOLLE, 250 g","3,99 €  15,96 €/kg "
7435,"Õunapüree, GOOD GOUT, 120 g","1,89 €  15,75 €/kg "
7436,"Pirnipüree, GOOD GOUT, 120 g","1,89 €  15,75 €/kg "
7437,"Rinnapadjad, JOHNSON'S BABY, 30 tk","3,79 €  0,13 €/tk "
7438,"Porgandi-pastinaagi maisipulgad, ELLA'S KITCHEN, 20g","1,29 €  64,50 €/kg "
7439,"Püksmähkmed Premium Care, Value Pack S4, PAMPERS, 9-15 kg/ 38 tk","17,49 €  0,46 €/tk "
7440,"Mähkmed Premium Care, Value Pack S2, PAMPERS, 4-8 kg/68 tk","14,99 €  0,22 €/tk "
7441,"Mitmevilja puder piima ja võiküpsistega 6K, MILUPA, 250 g","3,59 €  14,36 €/kg "
7442,"Mahe õunamahl, HIPP, 200 ml","1,39 € 6,95 €/l "
7443,"Mähkmed Elite Soft 2, HUGGIES, 4-6 kg/80 tk","13,99 €  0,17 €/tk "
7444,"Mama taimetee imetavale emale BIO, HIPP, 30 g","3,19 €  106,33 €/kg "
7445,"Mähkmed Smart Choice Maxi, suurus 4, HELEN HARPER, 7-18 kg/62 tk","12,99 €  0,21 €/tk "
7446,"Head ööd! Banaan-kuivik piimapudru. BIO, HIPP, 250 g","3,59 €  14,36 €/kg "
7447,"Püksmähkmed Maxi+ (4), NATY, 8-15 kg/22 tk","10,99 €  0,50 €/tk "
7448,"Mähkmed Ultra Comfort 4 Girl, HUGGIES, 8-14 kg/66 tk","17,99 €  0,27 €/tk "
7449,"Mähkmed Ultra Comfort 3 Girl, HUGGIES, 5-9 kg/80 tk","17,99 €  0,22 €/tk "
7450,"Püksmähkmed Smart Choice XL, HELEN HARPER, 16+ kg/19tk","4,99 €  0,26 €/tk "
7451,"Hommikupüree banaaniga, ELLA'S KITCHEN, 100 g","1,99 €  19,90 €/kg "
7452,"Tavamähkmed Premium Care Maxi 4, PAMPERS, 9-14 kg/52 tk","16,99 €  0,33 €/tk "
7453,"Püksmähkmed JP Extra Large suurus 6, PAMPERS, 16+ kg/44 tk","17,99 €  0,41 €/tk "
7454,"Püksmähkmed JP Midi suurus 3, PAMPERS, 6-11 kg/60 tk","17,99 €  0,30 €/tk "
7455,"Püksmähkmed Premium Care, Value Pack S5, PAMPERS, 12-17kg/34 tk","17,49 €  0,51 €/tk "
7456,"MuumiWalk Nr 5, MUUMI BABY, 10-15 kg/38 tk","19,99 €  19,99 €/tk "
7457,"Stracciatella piimapuder šokolaadiükkidega 8K, MILUPA, 250 g","3,59 €  14,36 €/kg "
7458,"Spinati-õuna-kaalikapüree, ELLA'S KITCHEN, 120 g","1,89 €  15,75 €/kg "
7459,"Õuna-viinamarjamahl öko, HIPP, 500 ml","2,19 € 4,38 €/l "
7460,"Püksmähkmed Pants 3 Boy, HUGGIES, 6-11 kg/58 tk","14,99 €  0,26 €/tk "
7461,"Tavamähkmed Premium Care Midi 3, PAMPERS, 6-10 kg/60 tk","16,99 €  0,28 €/tk "
7462,"Niisked salvrätikud Fresh Clean, PAMPERS, 52 tk","1,99 €  0,04 €/tk "
7463,"Õunamahl punaste marjadega öko, HIPP, 500 ml","2,19 € 4,38 €/l "
7464,"Püksmähkmed Premium Care Maxi 4, PAMPERS, 9-15 kg/22 tk","10,49 €  0,48 €/tk "
7465,"Püksmähkmed Premium Care, Value Pack S6, PAMPERS, 15+ kg/31 tk","17,49 €  0,56 €/tk "
7466,"Jätkupiimasegu Tutteli 3 Junior, TUTTELI, 350 g","4,29 €  12,26 €/kg "
7467,"Täistera kaerapuder, HOLLE, 250g","3,99 €  15,96 €/kg "
7468,"Püksmähkmed Premium Care, Value Pack S3, PAMPERS, 6-11 kg/48 tk","17,49 €  0,36 €/tk "
7469,"Õuna-viinamarjamehu 4+, PÕNN, 240 ml","1,39 € 5,79 €/l "
7470,"Püksmähkmed Junior (5), NATY, 12-18 kg/20 tk","10,99 €  0,55 €/tk "
7471,"Šampoon beebile Sensitive Skin, NEUTRAL, 250 ml","3,49 €  13,96 €/l "
7472,"Mähkmed Smart Choice Midi, suurus 3, HELEN HARPER, 4-9 kg/70 tk","12,99 €  0,19 €/tk "
7473,"Niisked salvrätikud Pure, HUGGIES, 4x56 tk","7,49 €  0,03 €/tk "
7474,"Mähkmed Ultra Comfort 3 Boy , HUGGIES, 5-9 kg/80 tk","17,99 €  0,22 €/tk "
7475,"Imiku jätkupiimasegu 6-12 kuud, TUTTELI, 350 g","4,29 €  12,26 €/kg "
7476,"Mähkmed Newborn, MUUMI, 2-5 kg/25 tk","6,99 €  0,28 €/tk "
7477,"Mahe hirsipuder, HOLLE, 250 g","3,99 €  15,96 €/kg "
7478,"Ujumispüksid Small, suurus 2, SWIMMIES, 7-13kg/12 tk","5,99 €  0,50 €/tk "
7479,"Kehaõli aaloega, JOHNSON'S BABY, 200 ml","3,69 €  18,45 €/l "
7480,"Imiku piimasegu pulber 0-6 kuud, TUTTELI, 350 g","4,29 €  12,26 €/kg "
7481,"Püksmähkmed Junior, MUUMI, 12-20 kg/36 tk","19,99 €  0,56 €/tk "
7482,"Beebipuuder, JOHNSON´S, 100 g","2,49 €  24,90 €/l "
7483,"Mähkmed Mini, MUUMI, 3-6 kg/58 tk","15,99 €  0,28 €/tk "
7484,"Vannivaht ja dušigeel lastele 2in1, JOHNSON´S, 500 ml","4,99 €  9,98 €/l "
7485,"Mähkmed Smart Choice Junior, suurus 5, HELEN HARPER, 11-25 kg/54 tk","12,99 €  0,24 €/tk "
7486,"Mähkmed Premium Care, Value Pack S1, PAMPERS, 2-5 kg/ 78 tk","14,99 €  0,19 €/tk "
7487,"Beebi kehaõli Sensitive Skin, NEUTRAL, 150 ml","3,99 €  26,60 €/l "
7488,"Saialillest šampoon & duškreem, WELEDA, 200 ml","9,99 €  9,99 €/tk "
7489,"Füsioloogiline lahus (nina, silmad), BEL BABY, 30 tk","4,99 €  0,17 €/tk "
7490,"Püksmähkmed Dry Nites poistele, HUGGIES, 27-57 kg/9 tk","6,99 €  0,78 €/tk "
7491,"Banaani-piimapuder täisterahelve, HOLLE, 250 g","3,99 €  15,96 €/kg "
7492,"Närimisrõngas, CANPOL, 1tk","2,59 €  2,59 €/tk "
7493,"Mähkmed Elite Soft 5, HUGGIES, 12-22 kg/56 tk","21,90 €  0,39 €/tk "
7494,"Piimasegu Kindermilch 24+, APTAMIL, 800 g","13,99 €  17,49 €/kg "
7495,"Troopiline smuuti, SEMPER, 90 g","1,19 €  13,22 €/kg "
7496,"Mähkmed Öko Maxi+, MUUMI, 10-16 kg/44 tk","15,99 €  0,36 €/tk "
7497,"Ujumismähkmed S4-5, PAMPERS, 9-15 kg/11 tk","5,99 €  0,54 €/tk "
7498,"Toitmispudel Natural, PHILIPS AVENT, 260 ml","9,99 €  9,99 €/tk "
7499,"Püksmähkmed CP S5 Junior, PAMPERS, 12-18 kg/22 tk","7,99 €  0,36 €/tk "
7500,"Mähkmed Ultra Comfort 5 Girl , HUGGIES, 12-22 kg/56 tk","17,99 €  0,32 €/tk "
7501,"Comfort 1 piimasegu 0+, APTAMIL, 400 g","9,29 €  23,23 €/kg "
7502,"Pesugeel, BABYSANFT, 400 ml","3,99 €  9,98 €/l "
7503,"Head Ööd pudrupulber õuna öko, HIPP, 250 g","3,59 €  14,36 €/kg "
7504,"HEA UNE riisipuder maasikate ja piimaga 6K, MILUPA, 225 g","3,59 €  15,96 €/kg "
7505,"Öko maasika ja vaniljemaitselised teravilja ampsud (4x20g) 10+, ANNABEL KARMEL, 80 g","2,69 €  33,63 €/kg "
7506,"Mähkmed Midi, MUUMI, 5-8 kg/50 tk","15,99 €  0,32 €/tk "
7507,"Püksmähkmed CP S4 Maxi, PAMPERS, 9-14 kg/24 tk","7,99 €  0,33 €/tk "
7508,"Saialille beebikreem tsingiga , WELEDA, 75 ml","7,49 €  7,49 €/tk "
7509,"Mähkmed Ultra Comfort 5 Boy, HUGGIES, 12-22 kg/56 tk","17,99 €  0,32 €/tk "
7510,"Lastešampoon kummeliga, JOHNSON´S, 500 ml","3,99 €  7,98 €/l "
7511,"Joogipudel kõrrega, CANPOL, 370 ml","4,99 €  4,99 €/tk "
7512,"Tavamähkmed Premium Care Junior 5, PAMPERS, 11-16 kg/44 tk","16,99 €  0,39 €/tk "
7513,"Püksmähkmed Giant Pack+ 4, PAMPERS, 9-15 kg/72 tk","24,90 €  0,35 €/tk "
7514,"Mähkmed Pure, Value Pack 2, PAMPERS, 4-8 kg/39 tk","11,49 €  0,29 €/tk "
7515,"Mähkmed Pure, Value Pack 3, PAMPERS, 6-10 kg/31 tk","11,49 €  0,37 €/tk "
7516,"Pudipõlled, CANPOL, 3 tk","3,99 €  1,33 €/tk "
7517,"Silikoon lutt, 0-6 kuud, MAM, 2 tk","6,99 €  3,50 €/tk "
7518,"Lusikas, CANPOL, 1 tk","1,99 €  1,99 €/tk "
7519,"Lutt Air Deco 6-18k, PHILIPS AVENT, 2tk","7,99 €  4,00 €/tk "
7520,"Mähkmed Premium Care S1, PAMPERS, 2-5 kg/26 tk","4,99 €  0,19 €/tk "
7521,"Puuvilja toiduvõrk/lutt, CANPOL, 1 tk","5,99 €  5,99 €/tk "
7522,"Silikoonlutt, peale 6 elukuud, MAM, 2 tk","6,99 €  3,50 €/tk "
7523,"Püksmähkmed Little Swimmers Dory, HUGGIES, 3-8 kg/12 tk","5,99 €  0,50 €/tk "
7524,"Ujumispüksid X-Small, suurus 1, SWIMMIES, 4-9kg/13 tk","5,99 €  0,46 €/tk "
7525,"Püksmähkmed CP S6 Extra large, PAMPERS, 16+ kg/19 tk","7,99 €  0,42 €/tk "
7526,"Mähkmed Newborn 1, PAMPERS, 2-5 kg/43 tk","8,49 €  0,20 €/tk "
7527,"Pesemisvahend Top-to-Toe, JOHNSON´S, 500 ml","4,99 €  9,98 €/l "
7528,"ÖKO beebiküpsised mangogoga, peale 8 elukuud, GOOD GOUT, 50 g","3,79 €  75,80 €/kg "
7529,"Mangopüree hirsiga 4+ Öko, PÕNN, 130 g","1,29 €  9,92 €/kg "
7530,"Ploomipüree 4+ Öko, PÕNN, 130 g","1,29 €  9,92 €/kg "
7531,"Helendav öölutt 0-6 kuud, MAM, 2 tk","7,99 €  4,00 €/tk "
7532,"Helendav öölutt 6 kuud, MAM, 2 tk","7,99 €  4,00 €/tk "
7533,"Pisaravaba juuste- ja kehašampoon, NATURABELLA, 300 ml","4,99 €  16,63 €/l "
7534,"Kaerapudrupulber öko, HIPP, 200 g","3,59 €  17,95 €/kg "
7535,"Iminapa ja alusega anum, CANPOL, 1 tk","6,99 €  6,99 €/tk "
7536,"Püksmähkmed Premium Care Junior 5, PAMPERS, 12-17 kg/20 tk","10,49 €  0,52 €/tk "
7537,"Püksmähkmed Premium Soft Pants XL, GENKI, 12-17kg/26tk","15,99 €  0,62 €/tk "
7538,"Käte- ja pepupesugeel, NATURABELLA, 300 ml","4,49 €  14,97 €/l "
7539,"Riisivahvlid pirni ja marjadega 8+, MILUPA, 40 g","1,79 €  44,75 €/kg "
7540,"Kehaõli, JOHNSON'S BABY, 200 ml","3,69 €  18,45 €/l "
7541,"Toitmispudel Natural, PHILIPS AVENT, 125 ml","9,99 €  9,99 €/tk "
7542,"Ujumismähkmed S3-4, PAMPERS, 6-11 kg/12 tk","5,99 €  0,50 €/tk "
7543,"Tass kõrrega 12+m, PHILIPS AVENT, 300ml","12,99 €  12,99 €/tk "
7544,"Püksmähkmed Premium Soft Pants L, GENKI, 9-14kg/30tk","15,99 €  0,53 €/tk "
7545,"Püksmähkmed Giant Pack+ 5, PAMPERS, 12-17 kg/66 tk","24,90 €  0,38 €/tk "
7546,"Jätkupiimasegu 2, alates 6 kuust, NUPPI GOLD, 350 g","5,99 €  17,11 €/kg "
7547,"Õunapüree 4+ Öko, PÕNN, 130 g","1,29 €  9,92 €/kg "
7548,"Püksmähkmed Premium Care 3, PAMPERS, 6-11 kg/28 tk","10,49 €  0,37 €/tk "
7549,"Eriti õrn kehapuhastusvaht, JOIK ORGANIC, 150 ml","8,99 €  59,93 €/l "
7550,"Püksmähkmed Dry Nites tüdrukutele, HUGGIES, 27-57 kg/9 tk","6,99 €  0,78 €/tk "
7551,"Mähkmed Junior, MUUMI, 12-25 kg/36 tk","15,99 €  0,44 €/tk "
7552,"Püksmähkmed Giant Pack+ 6, PAMPERS, 15+ kg/60 tk","24,90 €  0,42 €/tk "
7553,"Mähkmed Pure, Value Pack 4, PAMPERS, 9-14 kg/28 tk","11,49 €  0,41 €/tk "
7554,"Saialillest tuule- ja külmakaitsekreem, WELEDA, 30 ml","7,49 €  7,49 €/tk "
7555,"Mähkmed Smart Choice Mini, suurus 2, HELEN HARPER, 3-6 kg/78 tk","12,99 €  0,17 €/tk "
7556,"Imiku piimasegu 1, alates 0-6 kuud, NUPPI GOLD, 350 g","5,99 €  17,11 €/kg "
7557,"Poiste ülikonnasokid 8223-01-34, must 34-36","2,29 €  2,29 €/tk "
7558,"Mähkmed Classis 4, HUGGIES, 7-18 kg/68 tk","12,99 €  0,19 €/tk "
7559,"Lutt Air Deco 0-6k, PHILIPS AVENT, 2tk","7,99 €  4,00 €/tk "
7560,"Poiste ülikonnasokid 8223-01-31, must 31-33","2,29 €  2,29 €/tk "
7561,"Porgandimehu 4+ Öko, PÕNN, 240 g","1,59 € 6,63 €/l "
7562,"Mähkmed Little Swimmers S, HUGGIES, 7-15 kg/12 tk","5,99 €  0,50 €/tk "
7563,"Mähkmed Classis 3, HUGGIES, 4-9 kg/78 tk","12,99 €  0,17 €/tk "
7564,"Püksmähkmed XL (6), NATY, 16+ kg/18 tk","10,99 €  0,61 €/tk "
7565,"Banaanipüree, GOOD GOUT, 120 g","1,89 €  15,75 €/kg "
7566,"Piimasegu Aptamil 1 al. sünnist, APTAMIL, 400 g","8,99 €  22,48 €/kg "
7567,"Šampoon, BABY SANFT, 200 ml","2,49 €  12,45 €/tk "
7568,"Mähkmed Newborn 2, PAMPERS, 4-8 kg/43 tk","8,49 €  0,20 €/tk "
7569,"Niisutav ja rahustav kreem, NATURABELLA, 100 ml","4,99 €  49,90 €/l "
7570,"Kitsepiimasegu 1 al sünnist, HOLLE, 400 g","15,99 €  39,98 €/kg "
7571,"Mähkmed Smart Choice Newborn suurus 1, HELEN HARPER,2-4 kg/24 tk","3,99 €  0,17 €/tk "
7572,"Kehaõli Cottontouch, JOHNSON´S, 200 ml","4,29 €  21,45 €/l "
7573,"Lõõgastav keha- ja vanniõli, JOIK ORGANIC, 100 ml","7,99 €  79,90 €/l "
7574,"Silikoonist lutt 0-6 kuud Night Dreams, CANPOL, 1 tk","2,99 €  2,99 €/tk "
7575,"Piimal põhinev väikelaste piimasegu GOLD 3, NUPPI, 350 g","5,99 €  17,11 €/kg "
7576,"Laste sokid Friends, 28-30, lilla/hall melanž/must","4,79 €  1,60 €/tk "
7577,"Laste sokid Friends, 37-40, must/must/sinine","4,79 €  1,60 €/tk "
7578,"Mähkmed Classis 5, HUGGIES, 11-25 kg/58 tk","12,99 €  0,22 €/tk "
7579,"Ujumispüksid Medium, suurus 3, SWIMMIES, 12+ kg/11 tk","5,99 €  0,54 €/tk "
7580,"Püksmähkmed Premium Soft Pants M, GENKI, 7-10kg/32tk","15,99 €  0,50 €/tk "
7581,"Mähkmed Premium Care S2, PAMPERS, 4-8 kg/ 23tk","4,99 €  0,22 €/tk "
7582,"Poiste ülikonnasokid 8223-01-37, must 37-40","2,29 €  2,29 €/tk "
7583,"Laste sokid Friends, 34-36, lilla/hall melanž/must","4,79 €  1,60 €/tk "
7584,"Niisked salvrätikud Disney, HUGGIES, 56 tk","1,69 €  0,03 €/tk "
7585,"Lutipudel, CANPOL, 250 ml","3,99 €  3,99 €/tk "
7586,"Püksmähkmed CP S3 Midi, PAMPERS, 6-11 kg/26 tk","7,99 €  0,31 €/tk "
7587,"Niisked salvrätikud Fresh Clean, PAMPERS, 80 tk","2,69 €  0,03 €/tk "
7588,"Head ööd! Banaan-kuivik piimapuder BIO 4+, HIPP, 250 g","3,59 €  14,36 €/kg "
7589,"Laste sokid Friends, 31-33, lilla/hall melanž/must","4,79 €  1,60 €/tk "
7590,"Laste sokid Friends, 31-33, must/must/sinine","4,79 €  1,60 €/tk "
7591,"Laste sokid Friends, 34-36, must/must/sinine","4,79 €  1,60 €/tk "
7592,"Laste sokid Friends, 28-30, must/must/sinine","4,79 €  1,60 €/tk "
7593,"Laste sokid Friends, 37-40, lilla/hall melanž/must","4,79 €  1,60 €/tk "
7594,"Laste sokid Sunny Side 3-pakk, 28-30, fuksia/sinine/roosa","3,69 €  1,23 €/tk "
7595,"Mähkmed Premium Soft Tape M, GENKI, 6-11kg/64tk","20,90 €  0,33 €/tk "
7596,"Mähkmed Premium Soft Tape L, GENKI, 9-14kg/54tk","20,90 €  0,37 €/tk "
7597,"Püksmähkmed Giant Pack+ 3, PAMPERS, 6-11 kg/86 tk","24,90 €  0,29 €/tk "
7598,"Näo- ja kehakreem, JOHNSON´S, 300 ml","4,29 €  14,30 €/l "
7599,"Laste sokid Sunny Side 3-pakk, 28-30, denim/hall/must","3,79 €  1,26 €/tk "
7600,"Laste sokid Sunny Side 3-pakk, 31-33, denim/hall/must","3,79 €  1,26 €/tk "
7601,"Laste sokid Sunny Side 3-pakk, 34-36, denim/hall/must","3,79 €  1,26 €/tk "
7602,"Laste sokid Sunny Side 3-pakk, 37-40, denim/hall/must","3,79 €  1,26 €/tk "
7603,"Laste sokid Sunny Side 3-pakk, 37-40, fuksia/sinine/roosa","3,69 €  1,23 €/tk "
7604,"Püksmähkmed Little Swimmers M, HUGGIES, 11-18 kg/11 tk","5,99 €  0,54 €/tk "
7605,"Täisterapuder banaaniga 6+ Öko, PÕNN, 200 g","1,59 €  7,95 €/kg "
7606,"Laste sokid Sunny Side 3-pakk, 31-33, fuksia/sinine/roosa","3,69 €  1,23 €/tk "
7607,"Laste sokid Sunny Side 3-pakk, 34-36, fuksia/sinine/roosa","3,69 €  1,23 €/tk "
7608,"Jätkupiimasegu 2 Organic Combiotic 6+, HIPP, 800 g","15,99 €  19,99 €/kg "
7609,"Laste sokid täpilised SUVA, 3-paari 6273-4PA28-3099, sinine,sinep,hall 28-30","6,29 €  6,29 €/tk "
7610,"Laste sokid täpilised SUVA, 3-paari 6273-4PA31-3399, sinine,sinep,hall 31-33,","6,29 €  6,29 €/tk "
7611,"Laste sokid täpilised SUVA, 3-paari 6273-4PA34-3699, sinine,sinep,hall 34-36","6,29 €  6,29 €/tk "
7612,"Hea Une Kaerapuder õunte ja pirnidega, 6+, MILUPA, 250 g","3,59 €  14,36 €/kg "
7613,"Niisked salvrätikud Pure Extra Care, HUGGIES, 56 tk","2,49 €  0,04 €/tk "
7614,"Sööginõude komplekt, Roosa, DONE BY DEER, 1 tk","14,99 €  14,99 €/tk "
7615,"Sööginõude komplekt, Sinine, DONE BY DEER, 1 tk","14,99 €  14,99 €/tk "
7616,"Püksmähkmed Öko Nr4, MUUMI BABY, 7-11 kg/40 tk","19,99 €  0,50 €/tk "
7617,"Kaerapuder mustikaga 6+ Öko, PÕNN, 190 g","1,59 €  8,37 €/kg "
7618,"Niisked salvrätikud, HELMI, 64 tk","2,99 €  0,05 €/tk "
7619,"Väikelastepiim 3 Junior Combiotic al 1.a, HIPP, 500 g","8,99 €  17,98 €/kg "
7620,"Eriti õrn kehaseep, JOIK ORGANIC, 100 g","6,49 €  64,90 €/l "
7621,"Hernepulgad Vego EKO, SEMPER, 50 g","1,69 €  33,80 €/kg "
7622,"Imiku piimasegu Frisolac Gold Comfort 1 seedeprobleemide 0+, FRISOLAC, 400 g","8,99 €  22,48 €/kg "
7623,"Jätkupiimasegu Gold Comfort 2, seedeprobleemidega 6+, FRISO, 400 g","8,99 €  22,48 €/kg "
7624,"Püksmähkmed Pull-Ups Day Boy, HUGGIES, 8-17 kg/17 tk","6,29 €  0,37 €/tk "
7625,"Püksmähkmed Pull-Ups Day Girl, HUGGIES, 8-17 kg/17 tk","6,29 €  0,37 €/tk "
7626,"Imiku piimasegu Comfort Combiotic(puhituste ja kõhukinnisuse puhul) 0+, HIPP, 300 g","8,99 €  29,97 €/kg "
7627,"Öko Pirnimehu 4+, PÕNN, 240 g","1,59 € 6,63 €/kg "
7628,"Beebi hambahari kaitsega, CANPOL, 1 tk","3,79 €  3,79 €/tk "
7629,"Orgaaniline müslibatoon õuna-banaani, HOLLE, 25 g","1,39 €  55,60 €/kg "
7630,"Imikupiimasegu Combiotic alates sünnist toosis, HIPP, 350 g","8,59 €  24,54 €/kg "
7631,"Virsiku-aprikoosi banaanipüree speltaga (Panda Peach), HOLLE, 100 g","1,89 €  18,90 €/kg "
7632,"Laste sussid piduritega Karu 25-27 sinine, SUVA, 16","5,99 €  5,99 €/tk "
7633,"Laste sussid piduritega Karu 28-30 sinine, SUVA, 18","5,99 €  5,99 €/tk "
7634,"Laste sussid piduritega Karu 6151-2A16245, 16 punane","5,99 €  5,99 €/tk "
7635,"Laste sussid piduritega Karu 6151-2A20245, 20 punane","5,99 €  5,99 €/tk "
7636,"Laste sussid piduritega Karu 6151-2A22245, 22 punane","5,99 €  5,99 €/tk "
7637,"Laste sokid angoora poolfreesitud, Kitsekesed 6454-2A18190, 28-30 graafit","4,99 €  4,99 €/tk "
7638,"Laste sokid angoora poolfreesitud, Kitsekesed 6454-2A20190, 31-33 graafit","4,99 €  4,99 €/tk "
7639,"Laste sussid piduritega Karu 6151-2A20620, 20 sinine","5,99 €  5,99 €/tk "
7640,"Mähkmed Elite Soft S1, HUGGIES, 3-5 kg/82 tk","13,99 €  0,17 €/tk "
7641,"Riisivahvlid vaarikatega 8+ öko, HIPP, 30 g","1,69 €  56,33 €/kg "
7642,"HULGI Köögivilja-õunapüree 4+ 6-pakk, PÕNN, 6 x 130 g","5,00 €  6,41 €/kg "
7643,"HULGI Aedviljapüree kanafileega 6+ 6-pakk, PÕNN, 6 x 190 g","7,50 €  6,58 €/kg "
7644,"HULGI Ökoloogiline Puuviljasmuuti 6+ 6-pakk, PÕNN, 6 x 110 g","7,50 €  11,36 €/kg "
7645,"Ploomimehu ÖKO 4+, PÕNN, 240 ml","1,49 € 6,21 €/l "
7646,"Öko Riisipuding pirni ja mustikaga 4+, PÕNN, 130 g","1,29 €  9,92 €/kg "
7647,"Öko Troopikapüree jogurtiga 6+, PÕNN, 130 g","1,49 €  11,46 €/kg "
7648,"Püksmähkmed Pants 5 Boy, HUGGIES, 12-17kg/48tk","14,99 €  0,31 €/tk "
7649,"Püksmähkmed Pants 5 Girl, HUGGIES, 12-17kg/48tk","14,99 €  0,31 €/tk "
7650,"Püksmähkmed Pants 6 Boy, HUGGIES, 15-25kg/44tk","14,99 €  0,34 €/tk "
7651,"Püksmähkmed Pants 6 Girl, HUGGIES, 15-25kg/44tk","14,99 €  0,34 €/tk "
7652,"Kreem Igapäevane Beebidele, LITTLE SIBERICA, 75 ml","4,79 €  63,87 €/l "
7653,"Kreemseep beebidele, LITTLE SIBERICA, 250 ml","6,29 €  25,16 €/l "
7654,"Vannigeel beebidele, LITTLE SIBERICA, 250 ml","6,29 €  25,16 €/l "
7655,"Pisaratevaba Šampoon ja Dušigeel beebidele, LITTLE SIBERICA, 250 ml","6,29 €  25,16 €/l "
7656,"Vannivaht beebidele, LITTLE SIBERICA, 160 ml","6,29 €  39,31 €/l "
7657,"Tass pehme tilaga, PHILIPS AVENT, 300 ml","9,99 €  9,99 €/tk "
7658,"Kassikonserv tuunikalapasteet, GOURMET GOLD, 85 g","0,65 €  7,65 €/kg "
7659,"HULGI Kassiliiva räniteemandid 3tk, KITTYCLEAN, 3 x 3,8 l","9,00 €  0,79 €/l "
7660,"HULGI Kassitoit kalaga 10tk, SELVER, 10 x 415 g","5,00 €  1,20 €/kg "
7661,"HULGI Kassitoit kanalihaga 10tk, SELVER, 10 x 415 g","5,00 €  1,20 €/kg "
7662,"HULGI Kassisööt loomalihaga 10tk, SELVER, 10 x 415 g","5,00 €  1,20 €/kg "
7663,"HULGI Koeratoit kanalihaga 6tk, SELVER, 6 x 1,25 kg","5,40 €  0,72 €/kg "
7664,"HULGI Koeratoit loomalihaga 6tk, SELVER, 6 x 1,25 kg","5,40 €  0,72 €/kg "
7665,"HULGI Kassiliiv kvartsteemandid 2tk, DR.STERN, 2 x 6 l","12,00 €  1,00 €/l "
7666,"Kassikonserv kanapasteet, GOURMET GOLD, 85 g","0,65 €  7,65 €/kg "
7667,"HULGI Täissööt koerale veiselihaga 2tk, SELVER, 2 x 10 kg","12,00 €  0,60 €/kg "
7668,"Kassikonserv loomalihapasteet, GOURMET GOLD, 85 g","0,65 €  7,65 €/kg "
7669,"Kassikonserv kalkunipasteet, GOURMET GOLD, 85 g","0,65 €  7,65 €/kg "
7670,"Kiisueine lambaliha-roheliste ubadega, GOURMET GOLD, 85 g","0,65 €  7,65 €/kg "
7671,"Kassikonserv lõhe, kana tükkidega, GOURMET GOLD, 85 g","0,65 €  7,65 €/kg "
7672,"Kassikonserv Duo küülik, maks, GOURMET GOLD, 85 g","0,65 €  7,65 €/kg "
7673,"Kassikonserv kalkuni-parditükkidega, GOURMET GOLD, 85 g","0,65 €  7,65 €/kg "
7674,"Kassikonserv Duo loomaliha, kana, GOURMET GOLD, 85 g","0,65 €  7,65 €/kg "
7675,"Kassikonserv kanamaksa tükkidega, GOURMET GOLD, 85 g","0,65 €  7,65 €/kg "
7676,"Koerasööt loomalihaga, SELVER, 1,25 kg","0,99 €  0,79 €/kg "
7677,"Kassiliiv klombistuv, HAPPY, 5 kg","2,39 €  0,48 €/kg "
7678,"Kiisueine linnulihaga 7+ 4-pakk, WHISKAS, 4x100 g","1,69 €  4,23 €/kg "
7679,"Koerasööt kanalihaga, SELVER, 1,25 kg","0,99 €  0,79 €/kg "
7680,"Kiisueine linnulihavalik 4 pakk, WHISKAS, 4x100 g","1,69 €  4,23 €/kg "
7681,"Kassitoit loomalihaga, ATHENA, 100 g","0,49 €  4,90 €/kg "
7682,"Koeratoit loomaliha ja maksaga, APOLLO, 300 g","0,99 €  3,30 €/kg "
7683,"Kassitoit linnulihaga, ATHENA, 100 g","0,49 €  4,90 €/kg "
7684,"Sensations kiisueine, liha valik tarrendis, FELIX, 400 g","1,75 €  4,38 €/kg "
7685,"Kiisueine kalavalik 4-pakk, WHISKAS, 4x100 g","1,69 €  4,23 €/kg "
7686,"Eine täiskasvanud kassidele Cassarole Lihavalik tarrendis, WHISKAS, 4 x 85 g","1,69 €  4,97 €/kg "
7687,"Kiisueine loomaliha ja kanaga, FELIX, 4x100 g","1,75 €  4,38 €/kg "
7688,"Sensations kiisueine, kala valik tarrendis, FELIX, 400 g","1,75 €  4,38 €/kg "
7689,"Kiisueine kanalihaga, GOURMET PERLE, 85 g","0,79 €  9,29 €/kg "
7690,"Paakuv kassiliiv, NATUSAN, 5 l","4,29 €  0,86 €/l "
7691,"Kiisueine lõhe ja lestaga tarrendis, FELIX, 4x100 g","1,75 €  4,38 €/kg "
7692,"Koeratoit linnu-ja lambalihaga, APOLLO, 300 g","0,99 €  3,30 €/kg "
7693,"Kiisueine Cassarole klassikaline lihavalik tarrendis 4-pakk, WHISKAS, 4 x 85 g","1,69 €  4,97 €/tk "
7694,"Eine täiskasvanud kassidele Cassarole kanaga tarrendis 4-pak, WHISKAS, 4 x 85 g","1,69 €  4,97 €/kg "
7695,"Kiisueine lihavalik 4-pakk, WHISKAS, 4x100 g","1,69 €  4,23 €/kg "
7696,"Lemmiklooma järelkuivatatud hein, ERITEX, 500 g","1,89 €  3,78 €/kg "
7697,"Kassieine Junior linnulihaga, ATHENA, 100 g","0,49 €  4,90 €/kg "
7698,"Kiisueine küüliku- ja vasikalihaga, SELVER, 4x100 g","1,19 €  2,98 €/kg "
7699,"Kiisueine forelli ja spinatiga, GOURMET PERLE, 85 g","0,79 €  9,29 €/kg "
7700,"Koeratoit metslooma-linnulihaga, APOLLO, 300 g","0,99 €  3,30 €/kg "
7701,"Närimispulk Dentastix 7-pakk, PEDIGREE, 180 g","1,99 €  11,06 €/kg "
7702,"Närimispulk Dentastix suur koer, PEDIGREE, 270 g","2,45 €  9,07 €/kg "
7703,"Kassiliiv kvartsteemandid, DR.STERN, 6 l","6,99 €  1,17 €/l "
7704,"Kiisueine veise- ja linnulihaga, SELVER, 4x100 g","1,19 €  2,98 €/kg "
7705,"Purina one steriliseer kassile, PURINA ONE, 800 g","5,49 €  6,86 €/kg "
7706,"Kassisööt kanalihaga, SELVER, 415 g","0,59 €  1,42 €/kg "
7707,"Koeramaius rodeo, PEDIGREE, 70 g","0,69 €  9,86 €/kg "
7708,"Koerakonserv loomalihaga, PEDIGREE, 1,2 kg","2,95 €  2,46 €/kg "
7709,"Kassisööt loomalihaga, SELVER, 415 g","0,59 €  1,42 €/kg "
7710,"Koeraeine 4-pakk, PEDIGREE, 4x100 g","1,69 €  4,23 €/kg "
7711,"Kiisueine linnulihavalik, SHEBA, 6x50g","3,19 €  10,63 €/kg "
7712,"Liha eine, PRIMA DOG, 600 g","2,49 €  4,15 €/kg "
7713,"Eine koertele kanasüda ja pruuni riisiga, PIPER, 500 g","2,39 €  4,78 €/kg "
7714,"Kiisueine linnulihaga kastmes 4-pakk, SHEBA, 4x85 g","2,49 €  7,32 €/kg "
7715,"Kiisueine loomalihaga, GOURMET PERLE, 85 g","0,79 €  9,29 €/kg "
7716,"Kassieine kana ja veiselihaga 4-pakk, KITEKAT, 4x100 g","1,29 €  3,23 €/kg "
7717,"Kassi suupiste kanalihaga, DREAMIES, 60 g","1,29 €  21,50 €/kg "
7718,"Kiisueine kalavalik kastmes 4-pakk, SHEBA, 4x85 g","2,49 €  7,32 €/kg "
7719,"Pardifilee, HAU-HAU, 100 g","3,29 €  32,90 €/kg "
7720,"Kiisueine lõhega, FELIX, 100 g","0,55 €  5,50 €/kg "
7721,"Kassiliiva räniteemandid, KITTYCLEAN, 3,8 l","3,59 €  0,94 €/l "
7722,"Bisrock vitamiini-koeraküpsised, PEDIGREE, 200 g","1,19 €  5,95 €/kg "
7723,"Kassisööt kalaga, SELVER, 415 g","0,59 €  1,42 €/kg "
7724,"Eine koertele lambaliha, porgandi ja pruuni riisiga, PIPER, 500 g","2,39 €  4,78 €/kg "
7725,"Kassieine kana ja lõhega 4*100g pakk, KITEKAT, 4x100 g","1,29 €  3,23 €/kg "
7726,"Kassitoit metsloom-küülik, ATHENA, 100 g","0,49 €  4,90 €/kg "
7727,"Kanafilee, HAU-HAU, 100 g","3,29 €  32,90 €/kg "
7728,"Kiisueine kanaga, FELIX, 100 g","0,55 €  5,50 €/kg "
7729,"Täissööt koerale veiselihaga, SELVER, 10 kg","6,99 €  0,70 €/kg "
7730,"Puidugraanulid lemmikloomadele, DR.STERN, 7,5 L","4,59 €  0,61 €/l "
7731,"Kiisueine lihaga kastmes, SHEBA, 4x85 g","2,49 €  7,32 €/kg "
7732,"Kassi kuivsööt kanaliha-köögivilja, WHISKAS, 950 g","3,39 €  3,57 €/kg "
7733,"Kassi kuivsööt kanalihaga 7+, WHISKAS, 950 g","3,39 €  3,57 €/kg "
7734,"Kuiv kassitoit kana/riis, PURINA ONE, 800 g","4,79 €  5,99 €/kg "
7735,"Kiisueine linnulihavalik kastmes, SHEBA CRAFT, 4x85 g","2,49 €  7,32 €/kg "
7736,"Kiisueine kalalihavalik 4-pakk, PERFECT FIT, 4x85 g","2,89 €  8,50 €/kg "
7737,"Kassi suupiste lõhega, DREAMIES, 60 g","1,29 €  21,50 €/kg "
7738,"Eine kanalihaga kassidele, PIPER, 100 g","1,29 €  12,90 €/kg "
7739,"Kassitoit steriliseeritud kassidele kalkuniliha ja kartuliga, ATHENA, 100 g","0,49 €  4,90 €/kg "
7740,"Kassi kuivtoit tuunikalaga, WHISKAS, 1,4 kg","4,49 €  3,21 €/kg "
7741,"Kuivsööt steriliseeritud kassidele kanalihaga, PERFECT FIT, 750 g","4,99 €  6,65 €/kg "
7742,"Kassitoit lambalihaga, ATHENA, 100 g","0,49 €  4,90 €/kg "
7743,"Kassipiim, ATHENA, 200 ml","0,79 €  3,95 €/l "
7744,"Fantastic kiisueine, kassipoegadele, kana, FELIX, 400 g","1,75 €  4,38 €/kg "
7745,"Kiisueine lihavalik tundlikule kassile 4-pakk, PERFECT FIT, 4x85 g","2,89 €  8,50 €/kg "
7746,"Biolagunevad koerakakakotid, TAMMER-TUKKU, 60 tk","1,29 €  0,02 €/tk "
7747,"Toidusegu lindude toitmiseks, FRIENDS FOOD, 2 kg","3,79 €  1,90 €/kg "
7748,"Kassi kuivsööt tuunikala-köögivilja, WHISKAS, 950 g","3,39 €  3,57 €/kg "
7749,"Kuiv kassisööt linnulihaga, SELVER, 1,5 kg","1,99 €  1,33 €/kg "
7750,"Kiisueine Mini lihavalik, SHEBA, 6x50g","3,19 €  10,63 €/kg "
7751,"Klombistuv kassiliiv ookeanilõhnaline, HAPPY, 5 l","3,39 €  0,68 €/l "
7752,"Kassi kuivtoit lõhe-riisi, PURINA ONE, 800 g","4,79 €  5,99 €/kg "
7753,"Närimispulk Dentastix 3-pakk, PEDIGREE, 77 g","0,99 €  12,86 €/kg "
7754,"Eine tuunikalaga steriliseeritud kassidele, PIPER, 100 g","1,29 €  12,90 €/kg "
7755,"Kuiv kassitoit toakassidele kalkuni ja riisiga, PURINA ONE, 800 g","5,49 €  6,86 €/kg "
7756,"Pasteet väikestele koertele Gastronomia kanaga, BUTCHER'S, 150 g","0,79 €  5,27 €/kg "
7757,"Sõlmitud närimiskont 1 tk, REX, 80 g","1,15 €  14,38 €/kg "
7758,"Pasteet väikestele koertele Gastronomia loomalihaga, BUTCHER'S, 150 g","0,79 €  5,27 €/kg "
7759,"Koera närimiskont kanafileega 3tk, DOGMAN, 112 g","3,19 €  28,48 €/kg "
7760,"Kassi kuivsööt veiselihaga, WHISKAS, 1,4 kg","4,49 €  3,21 €/kg "
7761,"Koeratoit looma-ja linnulihaga, PEDIGREE, 8,4 kg","18,99 €  2,26 €/kg "
7762,"Kassiliiv, CATSAN, 10 l","7,99 €  0,80 €/l "
7763,"Jumbone närimismaius keskmistele koertele, PEDIGREE, 180 g","1,69 €  9,39 €/kg "
7764,"Koeravorst lambaliha ja lõhega Harmony, DOGMAN, 800 g","2,99 €  3,74 €/kg "
7765,"Närimisrull 12cmx15mm, REX, 4 tk","1,79 €  0,45 €/tk "
7766,"Koerte täistoit kana & riisiga, HAU-HAU, 2 kg","5,99 €  3,00 €/kg "
7767,"Saepuru lemmikloomadele, FIBER FUNNY, 16 l","1,19 €  0,07 €/l "
7768,"Kuivtoit kassipoegadele kana ja nisuga, PURINA ONE, 200 g","1,49 €  7,45 €/kg "
7769,"Koera kuivtoit looma- ja linnulihaga, CHAPPI, 9 kg","15,89 €  1,77 €/kg "
7770,"Kuivtoit täiskasvanud koertele looma- ja linnulihaga, PEDIGREE, 2,6 kg","6,99 €  2,69 €/kg "
7771,"Kassitoit kanaga öko, LILY`S KITCHEN, 85 g","1,79 €  21,06 €/kg "
7772,"Närimispulk väikestele koertele Jumbone, PEDIGREE, 160 g","1,69 €  10,56 €/kg "
7773,"Konserv koertele kanasüda ja pruuni riisiga, PIPER, 400 g","1,69 €  4,23 €/kg "
7774,"Koerasööt loomalihaga, SELVER, 415 g","0,69 €  1,66 €/kg "
7775,"Koera närimiskont kanafileega 2tk, DOGMAN, 110 g","4,19 €  38,09 €/kg "
7776,"Kuivatatud seasaba, PREEMIA, 4 tk","2,99 €  0,75 €/tk "
7777,"Närimisrull koertele, REX, 100 tk","3,69 €  0,04 €/tk "
7778,"Kuivatatud pullipeenis, PREEMIA, 4 tk","4,99 €  1,25 €/tk "
7779,"Junior kuivtoit kutsikatele kanalihaga, PEDIGREE, 2,2 kg","5,99 €  2,72 €/kg "
7780,"Rasvapall lindude toitmiseks 5-pakk, FRIENDS FOOD, 450 g","0,99 €  2,20 €/kg "
7781,"Kassimuru, SUPER BENEK, 150 g","1,99 €  13,27 €/kg "
7782,"Kassi kuivtoit kanaliha-köögivil, KITEKAT, 1,8 kg","4,19 €  2,33 €/kg "
7783,"Kassitoit kalaga öko, LILY`S KITCHEN, 85 g","1,79 €  21,06 €/kg "
7784,"Tervislik täistoit jänestele, VITAGRAFT, 600 g","4,19 €  6,98 €/kg "
7785,"Kassiliiva kühvel Macro, SAVIC, 1tk","0,99 €  0,99 €/tk "
7786,"Koerte täistoit lõhe ja riisiga, HAU-HAU CHAMPION, 2 kg","6,99 €  3,50 €/kg "
7787,"Kuivatatud seakärss, PREEMIA, 5 tk","2,69 €  0,54 €/tk "
7788,"Täissööt koerale loomalihaga, SELVER, 3 kg","3,59 €  1,20 €/kg "
7789,"Põhitoit kõikidele kaladele, TROPICAL, 100 ml","2,49 €  24,90 €/l "
7790,"Koerasööt kanalihaga, SELVER, 415 g","0,69 €  1,66 €/kg "
7791,"Neutraliseerija, desinfitseerija, SUPER BENEK, 500 g","2,49 €  4,98 €/kg "
7792,"Koera mänguasi Siga, DOGMAN, 1 tk","5,99 €  5,99 €/tk "
7793,"Kuivsööt tubasele kassidele kanalihaga, PERFECT FIT, 750 g","4,99 €  6,65 €/kg "
7794,"Kassi mänguasi hiir sulgedega, DOGMAN, 1 tk","1,99 €  1,99 €/tk "
7795,"Toidukauss koertele plastik, SAVIC, 50 g","1,29 €  1,29 €/tk "
7796,"Kassi mänguasi Hall hiir, DOGMAN, 1 tk","1,99 €  1,99 €/tk "
7797,"Koera mänguasi vesilelu, DOGMAN, 1 tk","9,99 €  9,99 €/tk "
7798,"Täistoit täiskasvanud kodukassile lõhega, PRIMACAT, 400 g","3,99 €  9,98 €/kg "
7799,"Täistoit steriliseeritud kassidele, PRIMACAT, 400 g","3,99 €  9,98 €/kg "
7800,"Täistoit täiskasvanud kassidele kalkuni, PRIMACAT, 400 g","3,99 €  9,98 €/kg "
7801,"Maius koerale pardiliha siilkübaraga, PRIMADOG, 150 g","3,49 €  23,27 €/kg "
7802,"Maius koerale vutiliha viirpuumarjadega, PRIMADOG, 150 g","3,49 €  23,27 €/kg "
7803,"Biokassiliiv, ECOPETBOX, 5 l","3,99 €  1,33 €/kg "
7804,"Kiisueine Junior Casserole kodulinnuvalik, WHISKAS, 4x100 g","1,69 €  4,97 €/kg "
7805,"Kiisueine Lihavalik kastmes, 12-pakk, WHISKAS, 12x100 g","4,89 €  4,08 €/kg "
7806,"Konserv kutsikatele kanaga tarrendis, PEDIGREE, 400 g","1,25 €  3,13 €/kg "
7807,"Casserole Junior kassipoegadele kana, WHISKAS, 85 g","0,49 €  5,76 €/kg "
7808,"Kassieine lambaliha kastmes, PRIMACAT, 85g","0,79 €  9,29 €/kg "
7809,"Salvrätikud karbis Deluxe Design, 3-kihiline, ZEWA, 90 tk","1,59 €  0,02 €/tk "
7810,"Hambapasta Biocalcium, SPLAT, 100 ml","2,39 €  23,90 €/l "
7811,"Hügieenisidemed Natural Normal D, LIBRESSE, 20 tk","1,99 €  0,10 €/tk "
7812,"Pesukaitsmed Natural Normal, LIBRESSE, 40 tk","1,49 €  0,04 €/tk "
7813,"Salvrätikud Softis In Box, 4-ki, ZEWA, 80 tk","1,79 €  0,02 €/tk "
7814,"Vatipadjad ümmargused, SELVER, 80 tk","0,79 €  0,01 €/tk "
7815,"Salvrätikud karbis Softis Soft & Sensitive, 4-kihiline, ZEWA, 80 tk","1,79 €  0,02 €/tk "
7816,"Salvrätikud Ultra Soft, 3-kihiline, LAMBI, 80 tk/pk","1,69 €  0,02 €/tk "
7817,"Seep lastele, FLORA, 90 g","0,75 €  8,33 €/kg "
7818,"Hügieenisidemed Invisible Ultra, LIBRESSE, 20 tk","2,59 €  0,13 €/tk "
7819,"Kaerajook gluteenivaba UHT, VALIO ODDLYGOOD, 1 l","2,29 €  2,29 €/l "
7820,"Taskurätikud, 3-kihiline, SERLA, 10x10 tk/pk","0,99 €  0,01 €/tk "
7821,"Vedelseep Citrus&Olive hand balsam, MAYERI, 500 ml","1,79 €  3,58 €/l "
7822,"Salvrätikud Balsam 3-kihiline, LAMBI, 80 tk/pk","1,69 €  0,02 €/tk "
7823,"Salvrätikud karbis, 3- kihiline, SELVER, 90tk","0,99 €  0,01 €/tk "
7824,"Drop Clean Disinfectant Spray, DROP CLEAN, 100 ml","3,99 €  39,90 €/l "
7825,"Salvrätikud Delicatis , 4-kihiline, REGINA, 96 tk","1,79 €  0,02 €/tk "
7826,"Hematogeen, LOODUSTOODE, 50 g","0,99 €  19,80 €/kg "
7827,"Pesukaitsmed Normal, LIBRESSE, 40 tk","1,99 €  0,05 €/tk "
7828,"Hambapasta Triple Action, COLGATE, 100 ml","1,79 €  17,90 €/l "
7829,"Hambapasta ProNamel, SENSODYNE, 75 ml","5,49 €  73,20 €/l "
7830,"Vedelseep Naturals Olive Milk täitepakend, PALMOLIVE, 500 ml","2,49 €  4,98 €/l "
7831,"Salvrätikud Kids 3D Box, 3-kihilised, ZEWA, 60 tk","1,19 €  0,02 €/tk "
7832,"Tükiseep Beauty Cream Bar, DOVE, 100 g","1,19 €  11,90 €/kg "
7833,"Vedelseep aloe vera, täitepakend, FROSCH, 500 ml","1,99 €  3,98 €/l "
7834,"Mandlijook Barista, JOYA, 1 l","2,29 €  2,29 €/l "
7835,"Hambapasta ProNamel Kids, SENSODYNE, 50 ml","2,29 €  45,80 €/l "
7836,"Hambapasta Total Original, COLGATE, 75 ml","2,59 €  34,53 €/l "
7837,"Hügieenisidemed Goodnight Maxi, LIBRESSE, 10 tk","1,69 €  0,17 €/tk "
7838,"Hambavahepuhasti 3in1, JORDAN, 36 tk","3,49 €  0,10 €/tk "
7839,"Hügieenisidemed Invisible Ultra Thin Super Duopakk, LIBRESSE, 16 tk","2,59 €  0,16 €/tk "
7840,"Hügieenisidemed Ultra Thin Goodnight Extra 3mm, LIBRESSE, 8 tk","1,99 €  0,25 €/tk "
7841,"Vedelseep Sensitive refill pouch bag, MAYERI, 500 ml","1,59 €  3,18 €/l "
7842,"Hambaniit Mint vahatatud, ORAL-B, 50 m","2,69 €  0,05 €/m "
7843,"Kreemseep Shea, DOVE, 100 g","1,19 €  11,90 €/kg "
7844,"Taskurätikud Softis, 4-kihiline, ZEWA, 6x9 tk/pk","1,39 €  0,03 €/tk "
7845,"Hambahari Slim Soft Charcoal, COLGATE, 1 tk","3,19 €  3,19 €/tk "
7846,"Toidulisand Multivitamiin, SANA+, 80 g","1,59 €  19,88 €/kg "
7847,"Antiseptiline geel kätele, NORD CLEAN, 100 ml","2,99 €  29,90 €/l "
7848,"Taskurätikud Softis, 4-kihiline, ZEWA, 90 tk","2,29 €  0,03 €/tk "
7849,"Hambapasta lastele Kids piimahammastele 0-5a, JORDAN, 50 ml","1,99 €  39,80 €/l "
7850,"Tükiseep Naturals Green Tea, PALMOLIVE, 90 g","0,55 €  6,11 €/kg "
7851,"Tükiseep Naturals Milk & Rose, PALMOLIVE, 90 g","0,55 €  6,11 €/kg "
7852,"Salvrätikud Deluxe Aroma Collection, 3-kihiline, ZEWA, 60 tk","1,19 €  0,02 €/tk "
7853,"Vedelseep Naturals Milk&Honey täitepakend, PALMOLIVE, 500 ml","2,49 €  4,98 €/l "
7854,"Vedelseep Lõhnatu, PUHAS LOODUS, 500 ml","2,39 €  4,78 €/l "
7855,"Hambapasta Whitening, COLGATE, 100 ml","1,29 €  12,90 €/l "
7856,"Tükiseep Classic, SAFEGUARD, 90 g","0,69 €  7,67 €/kg "
7857,"Tükiseep Naturals Olive Milk, PALMOLIVE, 90 g","0,55 €  6,11 €/kg "
7858,"Hambapasta White Plus, SPLAT, 100 ml","2,79 €  27,90 €/l "
7859,"Vedelseep Aloe Vera hand balsam pumbaga, MAYERI, 500 ml","1,79 €  3,58 €/l "
7860,"Hügieenisidemed Ultra Night Duop, ALWAYS, 14 tk","2,99 €  0,21 €/tk "
7861,"Hambahari Extra Clean medium, COLGATE, 1 tk","0,79 €  0,79 €/tk "
7862,"Vedelseep Naturals Almond täitepakend, PALMOLIVE, 500 ml","2,49 €  4,98 €/l "
7863,"Hambahari Clean Between Soft, JORDAN, 1 tk","2,19 €  2,19 €/tk "
7864,"Hambahari Step by Step Baby(0-2a, JORDAN, 1 tk","1,99 €  1,99 €/tk "
7865,"Hambapasta Whitening, SENSODYNE, 75 ml","4,99 €  66,53 €/l "
7866,"Hambapasta lastele Junior jäävhammastele 6-12a, JORDAN, 50 ml","1,99 €  39,80 €/l "
7867,"Kiirdesinfektant, ALCODEX, 100 ml","4,99 €  49,90 €/l "
7868,"Hematogeen, CAUTES, 40 g","0,59 €  14,75 €/kg "
7869,"Pipraplaaster, KAIGERT, 1 tk","0,89 €  0,89 €/tk "
7870,"Hambapasta Deep Clean, SENSODYNE, 75 ml","4,99 €  66,53 €/l "
7871,"Hambapasta must süsi, ECODENTA, 100 ml","4,49 €  44,90 €/l "
7872,"Hambaniit Expand Fresh (paisuv), JORDAN, 25 m","2,89 €  0,12 €/m "
7873,"Hambahari Zig-Zag Medium, COLGATE, 1 tk","1,19 €  1,19 €/tk "
7874,"Uriinipidamatuse sidemed Lady Extra, TENA, 10 tk","3,89 €  0,39 €/tk "
7875,"Toidulisand raud + C-vitamiin, SANA+, 80 g","1,59 €  19,88 €/kg "
7876,"Intiimpesugeel kaitsev piimhappega, ZIAJA, 500 ml","3,99 €  7,98 €/l "
7877,"Tükiseep Go Fresh, Fresh Touch, DOVE, 100 g","1,19 €  11,90 €/kg "
7878,"Hambapasta Classic, PARODONTAX, 75 ml","4,49 €  59,87 €/l "
7879,"Hambahari Target Sensitive Ultrasoft, JORDAN, 1 tk","2,39 €  2,39 €/tk "
7880,"Joogitabletid vitamiin C, SANOTACT, 82 g","1,59 €  19,39 €/kg "
7881,"Hambapasta Repair & Protect, SENSODYNE, 75 ml","5,99 €  79,87 €/l "
7882,"Plaaster Aloe Vera, MEDRULL, 20 tk","1,59 €  0,08 €/tk "
7883,"Hambapasta salvei ja aaloega, LESNOI BALSAM, 75 ml","1,99 €  26,53 €/l "
7884,"Raseerijad Lady 2 Aloe + Vitamin, BIC, 5 tk","1,99 €  0,40 €/tk "
7885,"Salvrätikud Camomille box, 4-kihiline, REGINA, 96 tk","1,79 €  0,02 €/tk "
7886,"Hambapasta Total Whitening, COLGATE, 75 ml","2,59 €  34,53 €/l "
7887,"Hambapasta C7 Ekstra Fresh, BLEND-A-MED, 100 ml","1,89 €  18,90 €/l "
7888,"Suuloputusvesi Coolmint, LISTERINE, 500 ml","5,99 €  11,98 €/l "
7889,"Hambahari Max White Soft, COLGATE, 1 tk","2,39 €  2,39 €/tk "
7890,"Taskurätik Softis mentooliga, 4-kihiline, ZEWA, 10x9 tk","2,29 €  0,03 €/tk "
7891,"Pesukaitse DailyFresh So Slim, LIBRESSE, 30 tk","1,79 €  0,06 €/tk "
7892,"Tükiseep Naturals Black Orchid, PALMOLIVE, 90 g","0,55 €  6,11 €/kg "
7893,"Pesukaitsmed Long, ALWAYS, 52 tk","3,79 €  0,07 €/tk "
7894,"Hügieenisidemed Normal BIO, VUOKKOSET, 12 tk","3,49 €  0,29 €/tk "
7895,"Hambapasta Multi Care, SENSODYNE, 75 ml","3,59 €  47,87 €/l "
7896,"Toidulisand magneesiumi, SANA+, 80 g","1,59 €  19,88 €/kg "
7897,"Pipraplaaster 10x6 cm, MEDRULL, 1 tk","0,29 €  0,29 €/tk "
7898,"Taskurätikud Softis Soft & Sensitive 4-kihiline, ZEWA, 10x9 tk/pk","2,29 €  0,03 €/tk "
7899,"Vatipadjad ümmargused, CLINIQUENORMAL, 120 tk","1,79 €  0,01 €/tk "
7900,"Hambahari Kids Minions/Trolls (2-6 aastat) extra soft, COLGATE, 1 tk","1,99 €  1,99 €/tk "
7901,"Pesukaitsmed Normal, ALWAYS, 60 tk","3,79 €  0,06 €/tk "
7902,"Hambapasta Extra Fresh Gel, SENSODYNE, 75 ml","4,99 €  66,53 €/l "
7903,"Käte- ja küüntekreem Intensive, KAMILL, 100 ml","2,39 €  23,90 €/l "
7904,"Dušigeel Deeply Nourishing, DOVE, 500 ml","5,99 €  11,98 €/l "
7905,"Joogitabletid multivitamiin, SANOTACT, 82 g","1,59 €  19,39 €/kg "
7906,"Hügieeniside Ultra Duo Extra Night Protection, ALWAYS, 12 tk","2,99 €  0,25 €/tk "
7907,"Hambapasta Complete Protection Whitening, PARODONTAX, 75 ml","5,99 €  79,87 €/l "
7908,"Tampoonid Pro Comfort Normal, O.B., 16 tk","2,89 €  0,18 €/tk "
7909,"Suuvesi Coolmint mild taste, LISTERINE, 500 ml","5,99 €  11,98 €/l "
7910,"Tampoonid Normal, O.B., 16 tk","2,59 €  0,16 €/tk "
7911,"Raseerija Extra 3 Beauty, WILKINSON SWORD, 4 tk","3,99 €  1,00 €/tk "
7912,"Proteesiliim tugev, COREGA, 40 g","6,99 €  174,75 €/kg "
7913,"Pesukaitsmed Micro, LIBRESSE, 22 tk","1,69 €  0,08 €/tk "
7914,"Hambapasta Fluoride, SENSODYNE, 75 ml","4,49 €  59,87 €/l "
7915,"Tükiseep Naturals Milk & Honey, PALMOLIVE, 90 g","0,55 €  6,11 €/kg "
7916,"Pesukaitsmed Air, DISCREET, 60 tk","2,99 €  0,05 €/tk "
7917,"Šampoon nõgesega, toitev, PUHAS LOODUS, 250 ml","2,29 €  9,16 €/l "
7918,"Proteiinibatoon White chocolate & Almond 55g, BAREBELLS","2,69 €  48,91 €/kg "
7919,"Vedelseep Olive Milk, PALMOLIVE, 300 ml","2,19 €  7,30 €/l "
7920,"Uriinipidamatuse sidemed Lady, TENA, 12 tk","3,89 €  0,32 €/tk "
7921,"Hambapasta Repair&Protect Extra Fresh, SENSODYNE, 75 ml","5,99 €  79,87 €/l "
7922,"Raseerijad Comfort 2, BIC, 5 tk","1,99 €  0,40 €/tk "
7923,"Tabletid proteeside puhastuseks, COREGA, 30 tk","4,49 €  0,15 €/tk "
7924,"Vedelseep Roheline õun pumppudel, PUHAS LOODUS, 500 ml","2,39 €  4,78 €/l "
7925,"Tükiseep Refreshing meestele, PALMOLIVE, 90 g","0,55 €  6,11 €/kg "
7926,"Suuvesi Total Care, LISTERINE, 500 ml","6,49 €  12,98 €/l "
7927,"Tampoonid Pro Comford Normal, O.B., 32 tk","5,19 €  0,16 €/tk "
7928,"Hematogeen linaseemnetega, LOODUSTOODE, 50 g","0,99 €  19,80 €/kg "
7929,"Mitsellaarvesi tundlikule nahale, GARNIER, 400 ml","7,99 €  19,98 €/l "
7930,"Kätepuhastusvahend aloe vera, MARGARITA, 400 ml","9,99 €  24,98 €/l "
7931,"Pesukaitsmed Lady Ultra Mini, TENA, 28 tk","3,79 €  0,14 €/tk "
7932,"Tampoonid Pro Comfort Super, O.B., 16 tk","2,89 €  0,18 €/tk "
7933,"Hambapasta Complete Protection, SENSODYNE, 75 ml","6,49 €  86,53 €/l "
7934,"Suuvesi Cool Mint, SENSODYNE, 500 ml","5,99 €  11,98 €/l "
7935,"Hambapasta, HIMALAYA, 100g","3,79 €  37,90 €/kg "
7936,"Hooldav kätekreem kummeli ja glütseriiniga, PUHAS LOODUS, 75 ml","1,79 €  23,87 €/l "
7937,"Hambapasta beebidele kummeliga, R.O.C.S., 45 g","3,89 €  86,44 €/kg "
7938,"Šampoon takjaga, tugevdav, PUHAS LOODUS, 250 ml","2,29 €  9,16 €/l "
7939,"Hambapasta Total Advanced Visible Proof, COLGATE, 75 ml","2,59 €  34,53 €/l "
7940,"Proteesifiksaator Fresh Complete, BLEND-A-DENT, 47 g","4,89 €  104,04 €/kg "
7941,"Dušigeel Aroma Sensations Feel the Massage, PALMOLIVE, 250 ml","2,79 €  11,16 €/l "
7942,"Suuloputusvesi Freshburst, LISTERINE, 500 ml","5,99 €  11,98 €/l "
7943,"Hambapasta Complete Protection Extra Fresh, PARODONTAX, 75 ml","5,99 €  79,87 €/l "
7944,"Organic chiaseemned, 200 g, ARIMEX","3,19 €  15,95 €/kg "
7945,"Dušigeel Refreshing, meestele, PALMOLIVE, 250 ml","2,49 €  9,96 €/l "
7946,"Hambahari Target White Soft, JORDAN, 1 tk","2,39 €  2,39 €/tk "
7947,"Šampoon Normal lõhnavaba, NEUTRAL, 250 ml","3,49 €  13,96 €/l "
7948,"Dušigeel Micellar vesi Sensitive, DOVE, 250 ml","3,69 €  14,76 €/l "
7949,"Varuterad Venus, GILLETTE, 4 tk","11,99 €  3,00 €/tk "
7950,"Hambapasta Rapid Relief, SENSODYNE, 75 ml","5,99 €  79,87 €/l "
7951,"Hambahari Multi Care Soft, SENSODYNE, 1 tk","2,99 €  2,99 €/tk "
7952,"Kätekreem oliiviõliga, PUHAS LOODUS, 75 ml","2,69 €  35,87 €/l "
7953,"Šampoon Fructis 2in1 normaalsetele juustele, GARNIER, 250 ml","3,29 €  13,16 €/l "
7954,"Hügieenisidemed Ultra Plus Duopa, ALWAYS, 20 tk","2,99 €  0,15 €/tk "
7955,"Dušigeel Creme Soft, NIVEA, 250 ml","3,49 €  13,96 €/l "
7956,"Hambapasta Kids Summer Swirl of, R.O.C.S., 45 g","5,29 €  117,56 €/kg "
7957,"Hambahari 360 Interdental Soft, COLGATE, 1 tk","3,19 €  3,19 €/tk "
7958,"Hambaniit, SENSODYNE, 30 m","3,39 €  0,11 €/m "
7959,"Hambapasta Kids 6+ aastastele, COLGATE, 50 ml","1,79 €  35,80 €/l "
7960,"Hambapasta Natural Extracts Ultimate Fresh Lemon, COLGATE, 75 ml","3,99 €  53,20 €/l "
7961,"Hambahari Step by Step Soft+reis, JORDAN, 1 tk","1,99 €  1,99 €/tk "
7962,"Vedelseep Milk&Honey, PALMOLIVE, 300 ml","2,19 €  7,30 €/l "
7963,"Šampoon Classic Clean 2in1, HEAD&SHOULDERS, 225 ml","4,79 €  21,29 €/l "
7964,"Näomask Skin Naturals Charcoal musta tee lehega, 1 tk","2,69 €  2,69 €/tk "
7965,"Silmameigieemaldaja Plenitude 2in1, LOREAL, 125 ml","6,49 €  51,92 €/l "
7966,"Raseerijad Sensitive 3, BIC, 4 tk","2,79 €  0,70 €/tk "
7967,"Kätepuhastusvahend aloe vera, pumbaga, MARGARITA, 250 ml","7,99 €  31,96 €/l "
7968,"Astelpaju-saialille õli, VIPIS, 50 ml","5,99 €  119,80 €/l "
7969,"Vedelseep sensitive, FROSCH, 300 ml","2,79 €  9,30 €/l "
7970,"Kreem universaalne, NIVEA, 75 ml","2,49 €  33,20 €/l "
7971,"Hambahari Complete Protection Soft, SENSODYNE, 1 tk","3,39 €  3,39 €/tk "
7972,"Söetabletid 250mg N50, 10 g","1,59 €  159,00 €/kg "
7973,"Raseerimisgeel Sensitive, GILLETTE, 200 ml","4,99 €  24,95 €/l "
7974,"Taskurätikud Blossom Verbena 3-kihiline, GRITE, 4x10 tk/pk","0,59 €  0,01 €/tk "
7975,"Vedelseep granaatõun täitepakend, FROSCH, 500 ml","1,99 €  3,98 €/l "
7976,"Kondoomid Pleasuremax, DUREX, 3 tk","2,99 €  1,00 €/tk "
7977,"Joogitabletid magneesium, SANOTACT, 82 g","1,59 €  19,39 €/kg "
7978,"Näomask must, Facewear, 1 tk","9,99 €  9,99 €/tk "
7979,"Tampoonid Pro Comfort Super Plus, O.B., 16 tk","2,89 €  0,18 €/tk "
7980,"Hambapasta 3D White Fresh Cool, BLEND-A-MED, 100 ml","1,89 €  18,90 €/l "
7981,"Dušigeel Õun, toniseeriv, PUHAS LOODUS, 250 ml","2,39 €  9,56 €/l "
7982,"Šampoon Classic Clean, HEAD&SHOULDERS, 400 ml","5,99 €  14,98 €/l "
7983,"Hambahari Individual Size S Soft, JORDAN, 1 tk","2,19 €  2,19 €/tk "
7984,"Hügieenisidemed Invisible Ultra Thin Normal, LIBRESSE, 10 tk","1,69 €  0,17 €/tk "
7985,"Suuvesi Professional Protection, ORAL-B, 500 ml","4,39 €  8,78 €/l "
7986,"Hügeenisidemed Ultra Normal kummel, NATURELLA, 20 tk","2,29 €  0,11 €/tk "
7987,"Varuterad Mach3, GILLETTE, 4 tk","11,99 €  3,00 €/tk "
7988,"Tampoonid Pro Comfort Mini, O.B., 16 tk","2,89 €  0,18 €/tk "
7989,"Hügieenisidemed Super Quattro, ALWAYS, 32 tk","5,99 €  0,19 €/tk "
7990,"Dušigeel Olive Milk, PALMOLIVE, 250 ml","2,49 €  9,96 €/l "
7991,"Dušigeel Energising, meestele, PALMOLIVE, 500 ml","3,99 €  7,98 €/l "
7992,"Tükiseep, NEUTRAL, 100 G","1,19 €  11,90 €/kg "
7993,"Šampoon Elvital Color-Vive, LOREAL, 400 ml","5,29 €  13,23 €/l "
7994,"Raseerija Extra 3 Sensitive, WILKINSON SWORD, 4 tk","3,99 €  1,00 €/tk "
7995,"Plaastrid, universaalsed, HANSAPLAST, 20 tk","2,49 €  0,12 €/tk "
7996,"Suuvesi Smart Rinse lastele al 6. eluaastast, LISTERINE, 250 ml","3,99 €  15,96 €/l "
7997,"Suuvesi, PARODONTAX, 500 ml","6,49 €  12,98 €/l "
7998,"Hambahari Junior Batman/Wonder Woman (6+ aastat) soft, COLGATE, 1 tk","1,99 €  1,99 €/tk "
7999,"Hambapasta 3xefektiga , ECODENTA, 100 ml","3,69 €  36,90 €/l "
8000,"Hambahari Bamboo Soft, COLGATE, 1 tk","4,49 €  4,49 €/tk "
8001,"Huulepalsam, NEUTROGENA, 4,8 g","2,99 €  2,99 €/tk "
8002,"Šampoon taastav, NATURA SIBERICA, 400 ml","5,49 €  13,73 €/l "
8003,"Tampoonid Compak Regular, TAMPAX, 16 tk","3,39 €  0,21 €/tk "
8004,"Dušigeel Orange Butter, ZIAJA, 500 ml","3,39 €  6,78 €/l "
8005,"Hambapasta Max White One Luminou, COLGATE, 75 ml","3,99 €  53,20 €/l "
8006,"Intiimpesuvedelik pumbaga, LACTACYD, 200 ml","5,99 €  29,95 €/l "
8007,"Pesukaitsmed DailyFresh Normal Black, LIBRESSE, 30 tk","1,99 €  0,07 €/tk "
8008,"Libesti +massaazigeel Aloe Vera 2in1, DUREX, 200 ml","10,99 €  54,95 €/l "
8009,"Hambapasta 3D White, BLEND-A-MED, 100 ml","1,89 €  18,90 €/l "
8010,"Šampoon greibiga värskendav, PUHAS LOODUS, 250 ml","2,29 €  9,16 €/l "
8011,"Maasikamaistelised tropsid, SANA+, 39 g","0,79 €  20,26 €/kg "
8012,"Tampoonid Super, O.B., 16 tk","2,59 €  0,16 €/tk "
8013,"Kondoomid Real Feel, DUREX, 10 tk","12,99 €  1,30 €/tk "
8014,"Hambahari Clean Between Medium, JORDAN, 1 tk","2,19 €  2,19 €/tk "
8015,"Dušigeel Men Sport Dp Power, FA MEN, 250 ml","2,49 €  9,96 €/l "
8016,"Vahuseep Magic Softness Lime&Mint, PALMOLIVE, 250 ml","3,99 €  15,96 €/l "
8017,"Depilatsioonikreem tundl. naha, VEET, 100 g","6,49 €  64,90 €/kg "
8018,"Dušigeel Kadakamari, värskendav, PUHAS LOODUS, 250 ml","2,39 €  9,56 €/l "
8019,"Taruvaigu-saialille tinktuur, VIPIS, 31 g","5,49 €  177,10 €/kg "
8020,"Kurgupastillid N30, ISLA-CASSIS, 33,3 g","6,49 €  194,89 €/kg "
8021,"Rulldeodorant Clear Black&White, NIVEA, 50 ml","3,79 €  75,80 €/l "
8022,"Rulldeodorant Invisible Pure naistele, REXONA, 50 ml","3,29 €  65,80 €/l "
8023,"Pesukaitse Lady Mini Magic, TENA, 34 tk","3,89 €  0,11 €/tk "
8024,"Dušigeel värskendav, NATURA SIBERICA, 400 ml","4,19 €  10,48 €/l "
8025,"Pesukaitsmed Large, ALWAYS, 26 tk","2,29 €  0,09 €/tk "
8026,"Hambapasta Caries Protection, ELMEX, 75 ml","4,39 €  58,53 €/l "
8027,"Palsam Elvital Colorvive värvitud juustele, LOREAL, 400 ml","5,29 €  13,23 €/l "
8028,"Hügieenisidemed Ultra Plus Quatto, ALWAYS, 40 tk","5,99 €  0,15 €/tk "
8029,"Hügieenisidemed Ultra Super Plus Sensitive Duopack, ALWAYS, 16 tk","2,99 €  0,19 €/tk "
8030,"Pesukaitsmed Waterlilly, DISCREET, 60 tk","2,99 €  0,05 €/tk "
8031,"Antiseptiline käte ja keha kiirdesinfektant Alcodex, RIVAL, 1 l","12,99 €  12,99 €/l "
8032,"Tampoonid Pro Comfort Super, O.B., 32 tk","5,19 €  0,16 €/tk "
8033,"Hambapasta sensatsiooniline valgendav, R.O.C.S., 74 g","5,89 €  79,59 €/kg "
8034,"Palsam sheavõiga, hooldav, PUHAS LOODUS, 250 ml","2,29 €  9,16 €/l "
8035,"Kreem lõhenenud kandadele, SCHOLL, 60 g","8,49 €  141,50 €/kg "
8036,"Antiseptiline lahus, ASEPT, 100 ml","3,69 €  36,90 €/l "
8037,"Hambatikud kummiharjastega, JORDAN, 20 tk","2,29 €  0,11 €/tk "
8038,"Hambahari Step by Step Soft+reisvutlar, 6-9a., JORDAN, 1 tk","1,99 €  1,99 €/tk "
8039,"Hambahari 360 Black medium, COLGATE, 1 tk","3,99 €  3,99 €/tk "
8040,"Hambapasta Blackwood, SPLAT, 75 ml","4,99 €  66,53 €/l "
8041,"Hambapasta valgendav, R.O.C.S., 69 g","5,89 €  85,36 €/kg "
8042,"Pesukaitsmed Soft&Cotton, ALWAYS, 58 tk","3,79 €  0,07 €/tk "
8043,"Tampoonid Compak Pearl Regular, TAMPAX, 16 tk","3,69 €  0,23 €/tk "
8044,"Pesukaitsmed Flexi, CAREFREE, 56 tk","3,49 €  0,06 €/tk "
8045,"Šampoon Dove Nourishing Oil, DOVE, 250 ml","3,69 €  14,76 €/l "
8046,"Suuvesi Cool Mint, COLGATE, 500 ml","5,49 €  10,98 €/l "
8047,"Toidulisand Vita-C 500 mg, LOODUSTOODE, 36,3 g","3,99 €  109,92 €/kg "
8048,"Näokreem niisutav, PUHAS LOODUS, 75 ml","2,99 €  39,87 €/l "
8049,"Šampoon mustsõstraga, niisutav, PUHAS LOODUS, 250 ml","2,29 €  9,16 €/l "
8050,"Palsam Nourishing Oil, DOVE, 200 ml","3,49 €  17,45 €/l "
8051,"Hambahari Green Clean Soft, JORDAN, 1 tk","2,99 €  2,99 €/tk "
8052,"Hügieenisidemed Ultra Plus Super, ALWAYS, 16 tk","2,99 €  0,19 €/tk "
8053,"Kondoomid Pleasuremax N12, DUREX, 12 tk","10,99 €  0,92 €/tk "
8054,"Hambahari Green Clean Medium, JORDAN, 1 tk","2,99 €  2,99 €/tk "
8055,"Hügieeniline huulepulk meestele, NIVEA, 4,8 g","2,99 €  2,99 €/tk "
8056,"D-vitamiin tilgad 400TÜ, APOVIT, 10 ml","6,49 €  649,00 €/l "
8057,"Hambahari Multi Care Medium, SENSODYNE, 1 tk","2,99 €  2,99 €/tk "
8058,"Hambapasta Frozen ja Cars (3+), ORAL-B, 75 ml","1,99 €  26,53 €/l "
8059,"Kehakreem toitev, NEUTROGENA, 300 ml","4,39 €  14,63 €/l "
8060,"Tampoonid Compak Super, TAMPAX, 16 tk","3,39 €  0,21 €/tk "
8061,"Küünelakieemaldi atsetoonivaba, MAYERI, 100 ml","2,19 €  21,90 €/l "
8062,"Šampoon 2in1, NEUTRAL, 250 ml","3,49 €  13,96 €/l "
8063,"Mitsellaarvesi Skin Naturals, GARNIER, 100 ml","3,49 €  27,92 €/l "
8064,"Dušigeel Cocoa Butter, ZIAJA, 500 ml","3,39 €  6,78 €/l "
8065,"Hematogeen, HEMA2GEN, 45 g","0,99 €  22,00 €/kg "
8066,"Hügieenisidemed Sensitive Quattro, ALWAYS, 40 tk","5,99 €  0,15 €/tk "
8067,"Jalakreem kampriga värskendav, PUHAS LOODUS, 150 ml","2,79 €  18,60 €/l "
8068,"Dušigeel Naturals Honey&Moistur, PALMOLIVE, 250 ml","2,49 €  9,96 €/l "
8069,"Vedelseep Naturals Black Orchid, PALMOLIVE, 300 ml","2,19 €  7,30 €/l "
8070,"Desinfitseerivad salvrätikud, MISTER CLEAN, 10 tk","1,49 €  0,15 €/tk "
8071,"Šampoon+dušigeel Mermaid lastele, FA, 250 ml","2,49 €  9,96 €/l "
8072,"Hambahari Slim Soft Advanced Gold soft, COLGATE, 1 tk","4,99 €  4,99 €/tk "
8073,"Sinepiplaaster 10 tk, KAIGERT, pakk","0,89 €  0,89 €/tk "
8074,"Šampoon Fructis Good Bye Damage, GARNIER, 250 ml","3,29 €  13,16 €/l "
8075,"Palsam takjaga, tugevdav, PUHAS LOODUS, 250 ml","2,29 €  9,16 €/l "
8076,"Palsam Elvital Color-Vive, LOREAL, 200 ml","3,99 €  19,95 €/l "
8077,"Küünelakieemaldi atsetoonivaba, CASATREND, 200 ml","1,80 €  9,00 €/l "
8078,"Blondeerija Olia Superblonds Extreme N°B+++, GARNIER, 1 tk","7,99 €  7,99 €/tk "
8079,"Pesukaitsmed Normal Deo, ALWAYS, 58 tk","3,79 €  0,07 €/tk "
8080,"Raseerija Venus Breeze+2tera, GILLETTE, 1 tk","9,99 €  9,99 €/tk "
8081,"Hambapasta Max White One Optic, COLGATE, 75 ml","3,99 €  53,20 €/l "
8082,"Kondoomid Invisible Extra Sensitive, DUREX, 3 tk","4,49 €  1,50 €/tk "
8083,"Hambahari 360 Max White Expert White medium, COLGATE, 1 tk","3,99 €  3,99 €/tk "
8084,"Dušigeel Micellar AntiStress, DOVE, 250 ml","3,69 €  14,76 €/l "
8085,"Hambapasta Max White Expert White Cool Mint, COLGATE, 75 ml","4,99 €  66,53 €/l "
8086,"Varuterad Fusion Proglide Power, GILLETTE, 4 tk","26,90 €  6,73 €/tk "
8087,"Tampoon Pro Comfort Night super, O.B., 16 tk","2,89 €  0,18 €/tk "
8088,"Hügieenisidemed Slim Wings Normal, VUOKKOSET, 24 tk","4,19 €  0,17 €/tk "
8089,"Dušigeel Natural Olive, ZIAJA, 500 ml","3,39 €  6,78 €/l "
8090,"Hambahari Individual Size S Medium, JORDAN, 1 tk","2,19 €  2,19 €/tk "
8091,"Dušigeel Extreme Cool meestele, FA MEN, 250 ml","2,49 €  9,96 €/l "
8092,"Šampoon+dušigeel Pirate lastele, FA, 250 ml","2,49 €  9,96 €/l "
8093,"Pesukaitsmed Normal, VUOKKOSET, 30 tk","2,19 €  0,07 €/tk "
8094,"Tampoon Pro Comfort Night Super Plus, O.B., 16","2,89 €  0,18 €/tk "
8095,"Kalamaksaõli naturaalne, MÖLLER'S, 250 ml","9,99 €  39,96 €/l "
8096,"Hambapasta Max White Expert Complete, COLGATE, 75 ml","5,39 €  71,87 €/l "
8097,"Intiimrätt Green tea + Aaloe vera, CAREFREE, 20 tk","2,29 €  0,11 €/tk "
8098,"Hematogeen seesamiseemnetega, CAUTES, 40 g","0,59 €  14,75 €/kg "
8099,"Poolpüsivärv Casting Cream 1010, LOREAL, tk","9,99 €  9,99 €/tk "
8100,"Palsam Fructis Good Bye Damage, GARNIER, 200 ml","3,29 €  16,45 €/l "
8101,"Dušigeel Naturals Black Orchid, PALMOLIVE, 250 ml","2,49 €  9,96 €/l "
8102,"Tampoonid Compak Pearl Super, TAMPAX, 16 tk","3,69 €  0,23 €/tk "
8103,"Sidrunimaitselised tropsid, SANA+, 39g","0,79 €  20,26 €/kg "
8104,"C-Vitamiin 1000mg kapslid N60, TERVISEPÜRAMIID, 60 tbl","10,99 €  0,18 €/tk "
8105,"Habemeajamisvaht Sensitive, GILLETTE, 200 ml","2,99 €  14,95 €/l "
8106,"Rulldeodorant Fresh meestele, NIVEA, 50 ml","3,79 €  75,80 €/l "
8107,"Hambapasta Teens koola & sidrun, R.O.C.S., 74 g","5,29 €  71,49 €/kg "
8108,"Pulkdeodorant Invisible Dry nais, DOVE, 40 ml","3,99 €  99,75 €/l "
8109,"Šampoon Apple, HEAD&SHOULDERS, 400 ml","6,99 €  17,48 €/l "
8110,"Pulkdeodorant Lilac naistele, LADY SPEED STICK, 45 g","2,39 €  53,11 €/kg "
8111,"Dušigeel Sport meestele, FA MEN, 750 ml","5,49 €  7,32 €/l "
8112,"Näokreem Hemp Me!, REVUELE, 50 ml","4,99 €  99,80 €/l "
8113,"Toidulisand Lacto Seven, LOODUSTOODE, 20 tbl","5,49 €  686,25 €/kg "
8114,"Näopuhastusgeel Pure 3in1, GARNIER, 150 ml","6,99 €  46,60 €/l "
8115,"Rulldeodorant Power Black&White, NIVEA, 50 ml","3,79 €  75,80 €/l "
8116,"Dušigeel Aroma Sensations Feel Glamorous, PALMOLIVE, 250 ml","2,79 €  11,16 €/l "
8117,"Plaaster Mr.Happy, MEDRULL, 10 tk","1,49 €  0,15 €/tk "
8118,"Palsam Elvital Dream Lenght, L´OREAL, 200 ml","3,99 €  19,95 €/l "
8119,"Toidulisand Kaltsium, SANA+, 80 g","1,59 €  19,88 €/kg "
8120,"Tampoonid Pro Comfort mini, O.B., 32 tk","5,19 €  0,16 €/tk "
8121,"Näokreem kummeliga 24h, PUHAS LOODUS, 75 ml","2,99 €  39,87 €/l "
8122,"Soja koorepulber, MYSOJA, 200 g","1,89 €  9,45 €/kg "
8123,"Suuvesi Advanced White, LISTERINE, 500 ml","5,99 €  11,98 €/l "
8124,"Hambahari Repair & Protect Soft, SENSODYNE, 1 tk","3,69 €  3,69 €/tk "
8125,"Raseerija Blue3 Comfort, GILLETTE, 8 tk","7,99 €  1,00 €/tk "
8126,"Meigieemaldus salvrätikud tundlikule nahale, BYPHASSE, 20 tk","2,99 €  0,15 €/tk "
8127,"Uriinipidamatuse sidemed Lady Maxi Night, TENA, 6 tk","3,79 €  0,63 €/tk "
8128,"Taruvaigu-saialille õli aerosool, VIPIS, 50 ml","5,99 €  119,80 €/l "
8129,"Teholaxa puuviljakuubikud, LOODUSTOODE, 24 tbl","8,99 €  374,58 €/tk "
8130,"Kehakreem kiiresti imenduv, NEUTROGENA, 300 ml","4,39 €  14,63 €/l "
8131,"Värvieemaldaja Colors Naturals, GARNIER, tk","4,69 €  4,69 €/tk "
8132,"Dušigeel Active Clean meestele, NIVEA, 500 ml","5,49 €  10,98 €/l "
8133,"Šampoon Fructis Grow Strong katkevatele, väljalangevatele juustele, GARNIER, 250 ml","3,29 €  13,16 €/l "
8134,"Hambapasta Sensitive, ELMEX, 75 ml","4,39 €  58,53 €/l "
8135,"Hambapasta Caries Defence, JORDAN, 75 ml","1,99 €  26,53 €/l "
8136,"Pulkdeodorant Invisible Pure naistele, REXONA, 40 ml","3,29 €  82,25 €/l "
8137,"Pesukaitsmed Large Plus Fresh, CAREFREE, 46 tk","3,49 €  0,08 €/tk "
8138,"Raseerimisgeel Hydra Sensitive, LOREAL, 200 ml","6,99 €  34,95 €/l "
8139,"Päevakreem kurgiga, PUHAS LOODUS, 75 ml","2,99 €  39,87 €/l "
8140,"Hambahari Pro-Expert All-in-One 40 Med topeltpakk, ORAL-B, 2 tk","4,29 €  2,15 €/tk "
8141,"Isepruunistav ihupiim Derma Spa tumedale nahale, DOVE, 200 ml","8,49 €  42,45 €/kg "
8142,"Hambapasta Siberian pearl, NATURA SIBERICA, 130 g","3,99 €  39,90 €/l "
8143,"Proteesifiksaator Plus Dual Protection, BLEND-A-DENT, 40 g","4,89 €  122,25 €/kg "
8144,"Kalamaksaõli sidrunimaitseline, MÖLLER'S, 250 ml","10,49 €  41,96 €/l "
8145,"Dušigeel Magic Oil Pink Jasmine naistele, FA, 250 ml","2,49 €  9,96 €/l "
8146,"Pesukaitsmed ExtraLong, ALWAYS, 22 tk","2,39 €  0,11 €/tk "
8147,"Hambahari Slim Soft Advanced, COLGATE, 1 tk","4,59 €  4,59 €/tk "
8148,"Pulkdeodorant Active Protection Inv. meestele, REXONA, 50 ml","3,49 €  69,80 €/l "
8149,"Vahaplaastrid Debut, VEET, 10 tk","4,99 €  0,50 €/tk "
8150,"Juukselakk Volume Lift Extra Strong, SYOSS, 300 ml","5,69 €  18,97 €/l "
8151,"Bambusest niisked salvrätikud, CHEEKY PANDA, 12 tk","1,99 €  1,99 €/tk "
8152,"Näopesugeel BIO sidrunheinaga, GARNIER, 150 ml","6,49 €  43,27 €/l "
8153,"Maasikamaitselised D-vitamiini närimistabletid N100, MUUMI, 23 g","5,99 €  260,43 €/kg "
8154,"Palsam katkevatele, väljalangevatele juustele Fructis Grow Strong, GARNIER, 200 ml","3,29 €  16,45 €/l "
8155,"Hambapasta Max White Charcoal, COLGATE, 75 ml","4,99 €  66,53 €/l "
8156,"Dušigeel Sensitive meestele, NIVEA, 250 ml","3,49 €  13,96 €/l "
8157,"Rulldeodorant, NEUTRAL, 50 ml","3,79 €  75,80 €/l "
8158,"Dušigeel Clean Comfort, DOVE, 250 ml","3,69 €  14,76 €/l "
8159,"Juuksepalsam taastav, NATURA SIBERICA, 400 ml","5,49 €  13,73 €/l "
8160,"Hambapasta Sensitive White, SPLAT, 125 ml","3,39 €  27,12 €/l "
8161,"Antibakteriaalsed salvrätikud, CLEANIC, 40 tk","1,49 €  0,04 €/tk "
8162,"Rauamikstuur, FERROMAX, 250 ml","5,99 €  23,96 €/l "
8163,"Hambapasta Extreme White, SPLAT, 75 ml","4,99 €  66,53 €/l "
8164,"Raseerijad Blue II, GILLETTE, 5 tk","2,49 €  0,50 €/tk "
8165,"Rulldeodorant Mineral Action Control, GARNIER, 50 ml","3,49 €  69,80 €/l "
8166,"Pesukaitsmed Irresistable, DISCREET, 60 tk","2,99 €  0,05 €/tk "
8167,"Pesukaitsmed Spring Breeze, DISCREET, 60 tk","2,99 €  0,05 €/tk "
8168,"Šampoon anti dandruff, SCHWARZKOPF, 250 ml","3,79 €  15,16 €/l "
8169,"Rulldeodorant Active Protection Inv meestele, REXONA, 50 ml","3,49 €  69,80 €/l "
8170,"Hambapasta Nelgi eeterliku õliga, HIMALAYA, 100 g","3,79 €  37,90 €/kg "
8171,"Raseerija Gillette2 1x5 tk+kott, GILLETTE, 5 tk","1,79 €  0,36 €/tk "
8172,"Silmameigieemaldaja õlivaba, NIVEA, 125 ml","5,99 €  47,92 €/l "
8173,"Habemeajamisgeel Sensitive, NIVEA, 200 ml","5,49 €  27,45 €/l "
8174,"Hügieenisidemed Classic Sensitive, ALWAYS, 10 tk","1,39 €  0,14 €/tk "
8175,"Kondoomid Durex Elite N12, DUREX, 12 tk","11,99 €  1,00 €/tk "
8176,"Näovesi Black raseerimisjärgne, DENIM, 100 ml","6,99 €  69,90 €/l "
8177,"Püsivärv Color 13-05 plaatinablondeerija, SYOSS, tk","6,49 €  6,49 €/tk "
8178,"Dušigeel aprikoosilõhnaline õrn, LOTTE, 250 ml","2,99 €  11,96 €/l "
8179,"Pulkdeodorant Active Protection Inv.naistele, REXONA, 40 ml","3,29 €  82,25 €/l "
8180,"Näoseerum Hemp Me!, REVUELE, 30 ml","3,99 €  3,99 €/tk "
8181,"Linajahu, , 500 g","2,39 €  4,78 €/kg "
8182,"Pesukaitse Cotton, CAREFREE, 76 tk","3,79 €  0,05 €/tk "
8183,"Näopesuvahend Pink Grapefruit kooriv, NEUTROGENA, 150 ml","5,69 €  37,93 €/l "
8184,"Poolpüsivärv Casting Creme 300, LOREAL, tk","9,99 €  9,99 €/tk "
8185,"Rulldeodorant Pearl & Beauty naistele, NIVEA, 50 ml","3,79 €  75,80 €/l "
8186,"Šampoon+dušigeel poistele, PUHAS LIMPA, 300 ml","2,69 €  8,97 €/l "
8187,"Vedelseep Naturals Almond Milk, PALMOLIVE, 300 ml","2,19 €  7,30 €/l "
8188,"Ihupiim taastav pumbaga, NEUTROGENA, 250 ml","5,99 €  23,96 €/l "
8189,"Poolpüsivärv Casting Cream 1021, LOREAL, tk","9,99 €  9,99 €/tk "
8190,"Hambapasta Fluoride, PARODONTAX, 75 ml","5,29 €  70,53 €/l "
8191,"Päevakreem Age Specialist vananemisvastane 55+, LOREAL, 50 ml","8,99 €  179,80 €/l "
8192,"Näovesi Kurk, PUHAS LOODUS, 200 ml","4,99 €  24,95 €/l "
8193,"Niisutav kreem Skin Naturals viinamarja ekstraktiga, GARNIER, 50 ml","5,49 €  109,80 €/l "
8194,"Hambahari Green Clean 5-10a extrasoft, JORDAN, 1 tk","2,99 €  2,99 €/tk "
8195,"Sinepipulber vannideks, KAIGERT, 230 g","1,99 €  8,65 €/kg "
8196,"Hematogeen energy, HEMA2GEN, 45 g","0,99 €  22,00 €/kg "
8197,"Magneesiumitabletid Mg400 N30, DOPPELHERZ AKTIV, 38,3 g","8,49 €  221,67 €/kg "
8198,"Näomask heleroosa, Facewear, 1 tk","9,99 €  9,99 €/tk "
8199,"Palsam Pure Care Dry Oil, DOVE, 250 ml","6,49 €  25,96 €/l "
8200,"Mitsellaarvesi tundlikule ja ärritunud nahale, MIXA, 400 ml","7,99 €  19,98 €/l "
8201,"Pesukaitse Long Plus, CAREFREE, 40 tk","3,49 €  0,08 €/tk "
8202,"Hambapasta Superwhite, BIOMED, 100 g","2,49 €  24,90 €/kg "
8203,"Hambapasta Herbal, PARODONTAX, 75 ml","5,29 €  70,53 €/l "
8204,"Vitamiin D 2000 iu N60, MEGA","9,99 €  756,82 €/kg "
8205,"Elemental Elixir MAHE, CHAGA HEALTH, 250 ml","17,99 €  71,96 €/l "
8206,"Habemeajamisgeel Sensitive, GILLETTE, 200 ml","4,99 €  24,95 €/l "
8207,"Püsivärv Intensive Color A10, PALETTE, tk","4,19 €  4,19 €/tk "
8208,"Klaasküüneviil, ELITE, 1 tk","4,29 €  4,29 €/tk "
8209,"Kondoom Fun Selection, BILLY BOY, 3 tk","1,99 €  0,66 €/tk "
8210,"Hügieenisidemed Ultra Platinum Super Duo, ALWAYS, 14 tk","2,99 €  0,21 €/tk "
8211,"Šampoon Normal-Thic Repair&Prote, PANTENE, 250 ml","3,49 €  13,96 €/l "
8212,"Habemeajamisgeel Mach3 Close&Smooth, GILLETTE, 200 ml","4,99 €  24,95 €/l "
8213,"Ihupiim mandliga kuivale nahale pumbaga, BYPHASSE, 500 ml","3,69 €  7,38 €/l "
8214,"Dušigeel Active Sport meestele, FA MEN, 250 ml","2,49 €  9,96 €/l "
8215,"Tabletid proteeside puhastuseks 3 min, COREGA, 1 leht","1,09 €  1,09 €/tk "
8216,"Intiimhügieeni geel dosaatoriga, LACTACYD, 200 ml","5,99 €  29,95 €/l "
8217,"Kondoomid Invisible Extra Sensitive, DUREX, 10 tk","12,99 €  1,30 €/tk "
8218,"Hambapasta Charcoal, BIOMED, 100 g","2,59 €  25,90 €/kg "
8219,"Hambapasta Sensitivity & Gum, SENSODYNE, 75 ml","5,99 €  79,87 €/l "
8220,"Šampoon Anti-Dandruff Intensive meestele, SCHAUMA, 250 ml","2,69 €  10,76 €/l "
8221,"Šampoon Cool Kick meestele, NIVEA, 250 ml","3,49 €  13,96 €/l "
8222,"Hügieenisidemed Sensitive Ultra, ALWAYS, 10 tk","1,89 €  0,19 €/tk "
8223,"Pure toonik sega nahale, GARNIER, 200 ml","5,99 €  29,95 €/l "
8224,"Šampoon intensiivselt niisutav ja taastav, RICH, 250 ml","11,99 €  47,96 €/l "
8225,"Pesukaitse FlexiComfort Cotton, CAREFREE, 20 tk","1,59 €  0,08 €/tk "
8226,"Tsink+C+D 20 sidrunimaitselist imemistabletti, SANOTACT, 34 g","4,19 €  123,24 €/kg "
8227,"Hambahari 3DW Luxe Pulsar Whitening, ORAL-B, 1 tk","6,49 €  6,49 €/tk "
8228,"Hambaniit 50m, REACH, 1 tk","1,99 €  1,99 €/tk "
8229,"Dušigeel Deeply Nourishing, DOVE, 250 ml","3,69 €  14,76 €/l "
8230,"Rulldeodorant Invisible Pure Black & White, NIVEA, 50 ml","3,79 €  75,80 €/l "
8231,"Kuivšampoon Dark & Deep Brown, BATISTE, 200 ml","5,99 €  29,95 €/l "
8232,"Kuivšampoon Light & Blonde, BATISTE, 200 ml","5,99 €  29,95 €/l "
8233,"Palsam Fructis Color Resist, GARNIER, 200 ml","3,29 €  16,45 €/l "
8234,"Hügieenisidemed Invisible Ultra Thin Super, LIBRESSE, 8 tk","1,69 €  0,21 €/tk "
8235,"Kuivšampoon XXL Volume, BATISTE, 200 ml","5,99 €  29,95 €/l "
8236,"Pusapalsam metsamarjalõhnaline, LOTTE, 200 ml","3,49 €  17,45 €/l "
8237,"Hambapasta Sensitive Professional, ELMEX, 75 ml","5,99 €  79,87 €/l "
8238,"Immuno Elixir, CHAGA HEALTH, 250 ml","13,99 €  55,96 €/l "
8239,"Silmaümbruskreem kummeliga, PUHAS LOODUS, 15 ml","5,99 €  399,33 €/l "
8240,"Raseerimisgeel Mach3 Irritation, GILLETTE, 200 ml","4,99 €  24,95 €/l "
8241,"Šampoon Menthol 2in1, HEAD&SHOULDERS, 360 ml","6,99 €  19,42 €/l "
8242,"Palsam Fructis Oil Repair 3 Butter, GARNIER, 200 ml","3,29 €  16,45 €/l "
8243,"Dušigeel Whitewater, OLD SPICE, 400 ml","3,99 €  9,98 €/l "
8244,"Dušigeel DEEP meestele, NIVEA, 250 ml","3,49 €  13,96 €/l "
8245,"Tampoonid Organic, normal, VUOKKOSET, 16 tk","4,29 €  0,27 €/tk "
8246,"Suuvesi Superwhite, BIOMED, 500 ml","3,99 €  7,98 €/l "
8247,"Hambapasta Smile For Good, Whitening, COLGATE, 75 ml","3,99 €  52,50 €/l "
8248,"Citrosept, CINTAMANI, 20 ml","13,49 €  674,50 €/l "
8249,"Easy suus lahust gran 125mg N14 /sidruni, ESPUMISAN, 28 g","6,99 €  249,64 €/kg "
8250,"Näomask must/valge ruut, Facewear, 1 tk","9,99 €  9,99 €/tk "
8251,"Šampoon Fructis Color Resist, GARNIER, 250 ml","3,29 €  13,16 €/l "
8252,"Rulldeodorant Silver Protection, NIVEA, 50 ml","3,79 €  75,80 €/l "
8253,"Šampoon Diamond Gloss, NIVEA, 250 ml","3,49 €  13,96 €/l "
8254,"Hügieenisidemed Ultra Plus Sensi, ALWAYS, 20 tk","2,99 €  0,15 €/tk "
8255,"Dušigeel Yoghurt Aloe Vera, FA, 250 ml","2,49 €  9,96 €/l "
8256,"Šampoon Pure Care Dry Oil, DOVE, 250 ml","6,49 €  25,96 €/l "
8257,"Silmameigieemaldaja tundlik nahk, MIXA, 125 ml","5,29 €  42,32 €/l "
8258,"Hambapasta Ultra Clean, PARODONTAX, 75 ml","5,29 €  70,53 €/l "
8259,"Raseerimisgeel Men Expert Anti Irritations, LOREAL, 200 ml","6,99 €  34,95 €/l "
8260,"Toidulisand Junior, SANA+, 80 g","1,59 €  19,88 €/kg "
8261,"Ninasprei, QUIXX, 30 ml","7,19 €  239,67 €/l "
8262,"Silmatilgad Systane Ultra GTT10 ml, SYSTANE, 10 ml","11,99 €  1199,00 €/l "
8263,"Omega 3 100mg + D3 25μg + E 10mg N60, PAIRA, 111 g","5,89 €  53,06 €/kg "
8264,"Rulldeodorant Aqua Cool meestele, NIVEA, 50 ml","3,79 €  75,80 €/l "
8265,"Rulldeodorant Fresh natural naistele, NIVEA, 50 ml","3,79 €  75,80 €/l "
8266,"Mere vannisool, KODUNEARST, 500 g","1,19 €  2,38 €/kg "
8267,"Pulkdeodorant Fresh&Essence Cool Fantasy, LADY SPEED STICK, 45 g","2,89 €  64,22 €/kg "
8268,"Niisutav geel Hyaluronic Aloe Jelly, GARNIER, 50 ml","6,49 €  129,80 €/l "
8269,"Elektriline hambahari lastele Batman, COLGATE, 1 tk","6,99 €  6,99 €/tk "
8270,"Juuksevärv Olia 5.0 Brown, GARNIER, 1 tk","6,99 €  6,99 €/tk "
8271,"Hambapasta Smile For Good, Protection, COLGATE, 75 ml","3,99 €  53,20 €/l "
8272,"Vatipadjad Naturals Virgin Cotton, CLEANIC, 100 tk","1,19 €  0,01 €/tk "
8273,"Toidulisand Palderjan ja humal, TERVISEKS, 30 tbl","4,99 €  0,17 €/tk "
8274,"Dobbel Immunity kapslid N100, MÖLLER'S, 90 g","16,99 €  188,78 €/kg "
8275,"Näomask tumehall, Facewear, 1 tk","9,99 €  9,99 €/tk "
8276,"Šampoon Fructis Oil Repair 3, GARNIER, 250 ml","3,29 €  13,16 €/l "
8277,"Šampoon Power, kõõmavastane, NIVEA, 250 ml","3,49 €  13,96 €/l "
8278,"Plaaster Classic Mix 100, PHARMADOCT, 100 tk","3,99 €  0,04 €/tk "
8279,"Micellar vesi Sensitive, NIVEA, 200 ml","6,49 €  32,45 €/l "
8280,"Palsam Elvital Extraordinary Oil toitev, kuivadele juustele, LOREAL, 200 ml","3,99 €  19,95 €/l "
8281,"Dušigeel Honey Creme, FA, 250 ml","2,49 €  9,96 €/l "
8282,"Hambahari Sensitivity & Gum Soft, SENSODYNE, 1 tk","3,79 €  3,79 €/tk "
8283,"Pesukaitsmed Aaloega, CAREFREE, 56 tk","3,49 €  0,06 €/tk "
8284,"Hambapasta Kids The Animals Gang, COLGATE, 50 ml","2,59 €  51,80 €/l "
8285,"Joogitabletid kaltsium + magneesium + vitamiin D3, SANOTACT, 82 g","1,59 €  19,39 €/kg "
8286,"Poolpüsivärv Casting Cream 323, LOREAL, tk","9,99 €  9,99 €/tk "
8287,"Püsivärv Color Naturals Olive, GARNIER, tk","4,69 €  4,69 €/tk "
8288,"Suuvesi salveiga, LESNOI BALSAM, 400 ml","4,79 €  11,98 €/l "
8289,"Vahaplaastrid Natural Inspirations Aloe Vera, VEET, 12 tk","6,99 €  0,58 €/tk "
8290,"Niisutav kreem Skin Naturals roosi veega, GARNIER, 50 ml","5,49 €  109,80 €/l "
8291,"Šampoon Botanic Therapy Coconut Milk, GARNIER, 400 ml","5,29 €  13,23 €/l "
8292,"Proteesiliim Gum Care, COREGA, 40 g","6,49 €  162,25 €/kg "
8293,"Hambapasta Fresh Breath, JORDAN, 75 ml","1,99 €  26,53 €/l "
8294,"Hambapasta Healthy Gums, SPLAT, 125 ml","3,39 €  27,12 €/l "
8295,"Magneesium B-vitamiinidega N30, MERAVITA, 35,3g","7,49 €  212,18 €/kg "
8296,"Šampoon+palsam 2in1, NIVEA, 250 ml","3,49 €  13,96 €/l "
8297,"Kuivšampoon Original, BATISTE, 50 ml","2,69 €  53,80 €/l "
8298,"Pulkdeodorant Bearglove, OLD SPICE, 50 ml","3,79 €  75,80 €/l "
8299,"Vibreeriv rõngas Play, DUREX, 1 tk","7,99 €  7,99 €/tk "
8300,"Šampoon Elvital Extraordinary Clay, LOREAL, 250 ml","3,99 €  15,96 €/l "
8301,"Hambapasta orgaaniline papaiaga valgendav, ECODENTA, 100 ml","6,99 €  69,90 €/l "
8302,"Deodorant Active Protection, REXONA, 50 ml","3,29 €  65,80 €/l "
8303,"Hambahari Gentle Clean Extra Soft, PARODONTAX, 1 tk","3,59 €  3,59 €/tk "
8304,"Raseerija Venus Simply2, GILLETTE, 5 tk","3,49 €  3,49 €/tk "
8305,"Juuksevärv Olia 9.30 Golden Light Blonde, GARNIER, 1 tk","6,99 €  6,99 €/tk "
8306,"Soja joogipulber, MYSOJA, 200 g","1,79 €  8,95 €/kg "
8307,"Punase riisi tabletid N60, REDASIN, 30 g","9,69 €  323,00 €/kg "
8308,"Poolpüsivärv Casting Creme 535, LOREAL, tk","9,99 €  9,99 €/tk "
8309,"Šampoon Color Shine, SCHAUMA, 250 ml","2,69 €  10,76 €/l "
8310,"Dušigeel Free Time, NIVEA, 250 ml","3,49 €  13,96 €/l "
8311,"Šampoon ja dušigeel lastele, PUHAS LIMPA, 300 ml","2,69 €  8,97 €/l "
8312,"Pulkdeodorant Clean Comfort, DOVE, 50 ml","3,79 €  75,80 €/l "
8313,"Silmameigieemaldaja Plenitude, LOREAL, 125 ml","6,49 €  51,92 €/l "
8314,"Vedelseebi täide Fresh, DOVE, 500 ml","3,19 €  6,38 €/l "
8315,"Kondoomid Performax Intense, DUREX, 3 tk","3,99 €  1,33 €/tk "
8316,"Deodorant Fresh&Dry Green Tea naistele, FA, 150 ml","3,39 €  22,60 €/l "
8317,"Dušigeel Gourmet Chocolate, PALMOLIVE, 250 ml","2,79 €  11,16 €/l "
8318,"Šampoon Fructis Oil Repair 3 Butter, GARNIER, 250 ml","3,29 €  13,16 €/l "
8319,"Näomask valge/must täpp, Facewear, 1 tk","9,99 €  9,99 €/tk "
8320,"Silmameigieemaldaja Essential, GARNIER, 125 ml","5,99 €  47,92 €/l "
8321,"Ripsmekoolutaja + 1 varukumm, ELITE, 1 tk","4,29 €  4,29 €/tk "
8322,"Juukselakk Volume-Up, TAFT, 250 ml","4,39 €  17,56 €/l "
8323,"Deodorant Pink Passione naistele, FA, 150 ml","3,39 €  22,60 €/l "
8324,"Püsivärv Intensive Color N3, PALETTE, tk","4,19 €  4,19 €/tk "
8325,"Vannisool Oliiv, AQUA AMBER, 500 g","1,19 €  2,38 €/kg "
8326,"Šampoon Citrus Fresh, HEAD&SHOULDERS, 400 ml","5,99 €  14,98 €/l "
8327,"Ripsmeseerum Advance Volumiere, EVELINE, 10 ml","4,69 €  4,69 €/tk "
8328,"Munašvamm, ELITE, 1 tk","6,49 €  6,49 €/tk "
8329,"Päevakreem Age Specialist vananemisvastane, 45+, LOREAL, 50 ml","8,99 €  179,80 €/l "
8330,"Hambapasta Sensitivity & Gum Whitening, SENSODYNE, 75 ml","6,49 €  86,53 €/l "
8331,"Juuksevärv Olia 6.60 Intense Red, GARNIER, 1 tk","6,99 €  6,99 €/tk "
8332,"Teepuuõli, VIPIS, 32 g","4,49 €  140,31 €/kg "
8333,"Imemistabletid kurgule N20, ZINKOZAN, 14 g","2,69 €  192,14 €/kg "
8334,"Vitamiin B12 1000mcg tabletid N60, VITATABS, 18 g","6,49 €  360,56 €/kg "
8335,"D3 kapslid 100mg N60, PAIRA, 28 g","5,49 €  196,07 €/kg "
8336,"Poolpüsivärv Casting Creme Gloss, LOREAL, tk","9,99 €  9,99 €/tk "
8337,"Rulldeodorant Mineral Extreme me, GARNIER, 50 ml","3,49 €  69,80 €/l "
8338,"Vannisool Aloe Vera, AQUA AMBER, 500 g","1,19 €  2,38 €/kg "
8339,"Dušigeel Bearglove, OLD SPICE, 250 ml","2,69 €  10,76 €/l "
8340,"Rulldeodorant Action Thermic Women, GARNIER, 50 ml","3,49 €  69,80 €/l "
8341,"Raseerimisgeel Fusion Ultra Sensitive, GILLETTE, 200ml","5,99 €  29,95 €/l "
8342,"Dušigeel Avocado oil rescue, NATURE BOX, 385 ml","5,49 €  14,26 €/l "
8343,Näomask Must detox aktiivsöega,"2,99 €  37,38 €/l "
8344,"Hambapasta Wonderwhite, SPLAT, 75 ml","4,99 €  66,53 €/l "
8345,"Hambapasta White Smile, JORDAN, 75 ml","1,99 €  26,53 €/l "
8346,"Juuksevärv Olia 4.15 Iced Chocolate, GARNIER, 1 tk","6,99 €  6,99 €/tk "
8347,"Hambapasta Max Fresh Cooling Crystals, COLGATE, 100 ml","2,19 €  21,90 €/l "
8348,"Salvei,saialille,pune,kummeliõli, VIPIS, 50 ml","5,19 €  103,80 €/l "
8349,"Magneesiumitabletid B rühma vitamiinide ja inuliiniga N180, MAGNESIA, 198 g","10,49 €  52,98 €/kg "
8350,"Juuksekummid, ELITE, 1tk","3,49 €  3,49 €/tk "
8351,"Päevakreem Triple Active, LOREAL, 50 ml","7,99 €  159,80 €/l "
8352,"Poolpüsivärv Casting Creme 515, LOREAL, tk","9,99 €  9,99 €/tk "
8353,"Palsam Elvital Total Repair 5, LOREAL, 200 ml","3,99 €  19,95 €/l "
8354,"Palsam Color Shine, SCHAUMA, 200 ml","2,69 €  13,45 €/l "
8355,"Habemeajamisvaht Sensitive, NIVEA, 200 ml","4,49 €  22,45 €/l "
8356,"Palsam Ultimate Repair juustesse jäetav, väga kahjustatud ja kuivadele juustele, GLISS KUR, 200 ml","5,39 €  26,95 €/l "
8357,"Porgandikreem, GREEN NATURE, 50 ml","4,59 €  91,80 €/l "
8358,"Geel Aloe Vera 96% aaloegeel, parabenivaba, KRÄUTERHOF, 200 ml","7,99 €  39,95 €/l "
8359,"Tampoon Pro Comfort Night normal, O.B., 16 tk","2,89 €  0,18 €/tk "
8360,"Šampoon Elvital Extraordinary Coco, L´OREAL, 250 ml","3,99 €  15,96 €/l "
8361,"Hea une tabletid, VIPIS, 30 tbl","4,29 €  4,29 €/tk "
8362,"Vitamix multivitamiin N90, LOODUSTOODE, 45 g","4,99 €  110,89 €/kg "
8363,"Punase päevakübara tinktuur, A.VOGEL, 45 ml","7,99 €  177,56 €/l "
8364,"Unetabletid 1mg N60, MELATOSELL, 18 g","9,99 €  555,00 €/kg "
8365,"Söekapslid 396mg N20, SORBEX, 7,9 g","4,99 €  631,65 €/kg "
8366,"Šampoon meestele, SCHAUMA, 250 ml","2,69 €  10,76 €/l "
8367,"Juuksegeel Studio Line Mineral, LOREAL, 150 ml","5,49 €  36,60 €/l "
8368,"Juukselakk Max Hold Mega Strong, SYOSS, 300 ml","5,69 €  18,97 €/l "
8369,"Deodorant Xtreme Invisible meestele, FA MEN, 150 ml","3,39 €  22,60 €/l "
8370,"Püsivärv Color 13-0 ultra, SYOSS, tk","6,49 €  6,49 €/tk "
8371,"Pediküüritangid, ELITE, 1 tk","3,29 €  3,29 €/tk "
8372,"Lubrikant Perfect Glide, DUREX, 50 ml","10,99 €  219,80 €/l "
8373,"Hambapasta Kamchatkan mineral, NATURA SIBERICA, 130 g","3,99 €  39,90 €/l "
8374,"Dušigeel Pomegranate Oil, NATURE BOX, 385 ml","5,49 €  14,26 €/l "
8375,"Silmakreem Hemp Me!, REVUELE, 35 ml","3,99 €  114,00 €/l "
8376,"Bambusest salvrätikud karbis, 3- kihiline, CHEEKY PANDA, 56 tk","2,19 €  2,19 €/tk "
8377,"Toidulisand C-vitamiin, SANA+, 80 g","1,49 €  18,63 €/kg "
8378,"Närvisüsteemi toetavad kapslid N30, NERVOSTRONG, 13,8 g","12,99 €  941,30 €/kg "
8379,"Läätsehoolduse kompl. sol. läätsevedelik +konteiner, RENU MULTI PLUS, 360 ml","12,99 €  36,08 €/l "
8380,"Palsam Fructis Oil Repair 3, GARNIER, 200 ml","3,29 €  16,45 €/l "
8381,"Päevakreem tooniv, jumet parandav Miracle Skin Perfector Hele, GARNIER, 50 ml","9,99 €  199,80 €/l "
8382,"Pintsetid Gold Tipped kaldu, ELITE, 1 tk","3,49 €  3,49 €/tk "
8383,"Varuterad Fusion Power, GILLETTE, 2 tk","12,99 €  6,50 €/tk "
8384,"Näovesi Original raseerimisjärgn, DENIM, 100 ml","6,99 €  69,90 €/l "
8385,"Palsam Ultimate Repair väga kahjustatud ja kuivadele juustele, GLISS KUR, 200 ml","3,69 €  18,45 €/l "
8386,"Pulkdeodorant Sport Dp Sporty Fresh, FA, 50 g","3,39 €  67,80 €/kg "
8387,"Pulkdeodorant Male Invisible, REXONA, 50 ml","3,49 €  69,80 €/l "
8388,"Rulldeodorant Fresh&Dry Green Tea naistele, FA, 50 ml","3,39 €  67,80 €/l "
8389,"Hambapliiats valgendav Absolute White, DR.FRESH, 1 tk","2,49 €  2,49 €/tk "
8390,"Tampoonid Organic, super, VUOKKOSET, 16 tk","4,99 €  0,31 €/tk "
8391,"Tampoonid Organic, mini, VUOKKOSET, 16 tk","4,29 €  0,27 €/tk "
8392,"Silmameigieemaldaja tundlikule nahale, NIVEA, 125 ml","6,49 €  51,92 €/l "
8393,Näomask vananemisvastane kullaga,"2,99 €  37,38 €/l "
8394,Kangasmask hüaluroonhappega,"3,69 €  3,69 €/tk "
8395,"Näokreem niisutav BIO sidrunheinaga, GARNIER, 50 ml","7,49 €  149,80 €/l "
8396,"Ninatilgad pipetiga, VIPIS, 10 ml","2,99 €  299,00 €/l "
8397,"Toidulisand Magnex 375mg+B6, LOODUSTOODE, 62,8 g","5,99 €  95,38 €/kg "
8398,"Näokreem MenExpert Hydra Sensitive, LOREAL, 50 ml","9,99 €  199,80 €/l "
8399,"Šampoon Volume Sensation, NIVEA, 250 ml","3,49 €  13,96 €/l "
8400,"Deodorant Pearl & Beauty naistele, NIVEA, 150 ml","3,79 €  25,27 €/l "
8401,"Hambapasta Coffee&Tobacco, R.O.C.S., 74 g","5,89 €  79,59 €/kg "
8402,"Päevituskreem, PUHAS LOODUS, 75 ml","1,69 €  22,53 €/l "
8403,"Šampoon Normal-Thick Repair, PANTENE, 400 ml","4,79 €  11,98 €/l "
8404,"Varuterad Fusion, GILLETTE, 4 tk","19,99 €  5,00 €/tk "
8405,"Rulldeodorant Pink Passion naist, FA, 50 ml","3,39 €  67,80 €/l "
8406,"Pulkdeodorant Original meestele, OLD SPICE, 50 ml","3,79 €  75,80 €/l "
8407,"Rulldeodorant Black-White-Color naistele, GARNIER, 50 ml","3,49 €  69,80 €/l "
8408,"Solaariumikreem Lime Mousse, SOLAR, 15 ml","1,69 €  112,67 €/l "
8409,"Juuksevärv Olia 7.0 Dark Blonde, GARNIER, 1 tk","6,99 €  6,99 €/tk "
8410,"Ninatilgad pihustiga, VIPIS, 10 ml","3,49 €  349,00 €/l "
8411,"Õlikapslid Vitacaps D3, VITATABS, 62 g","15,99 €  257,90 €/kg "
8412,"Köhasiirup meega, ISLAMEL, 200 ml","6,49 €  32,45 €/l "
8413,"Südametilgad, PAIRA, 40 ml","3,69 €  92,25 €/l "
8414,"Juuksevaha Creative Look Modelli, TAFT, 75 ml","4,69 €  62,53 €/l "
8415,"Deodorant Invisible Dry, DOVE, 150 ml","3,99 €  26,60 €/l "
8416,"Deodorant Clean Comfort, DOVE, 150 ml","3,79 €  25,27 €/l "
8417,"Juuksevaht Volume Lift Extra Strong, SYOSS, 250 ml","5,69 €  22,76 €/l "
8418,"Püsivärv Professional 3-1, SYOSS, tk","6,49 €  6,49 €/tk "
8419,"Šampoon Ultimate Repair väga kahjustatud ja kuivadele juustele, GLISS KUR, 250 ml","3,69 €  14,76 €/l "
8420,"Näovesi alkoholivaba Kummel, PUHAS LOODUS, 200 ml","6,59 €  32,95 €/l "
8421,"Suuvesi Herbal Fresh, COLGATE, 500 ml","5,49 €  10,98 €/l "
8422,"Hügieenisidemed Ultra Platinum Normal Duo, ALWAYS, 16 tk","2,99 €  0,19 €/tk "
8423,"Šampoon Avocado oil repair, NATURE BOX, 385 ml","6,99 €  18,16 €/l "
8424,Kangasmask C-vitamiiniga Fresh,"3,69 €  3,69 €/tk "
8425,"Šampoon Volüümi Andev, NATURA SIBERICA FLORA, 480 ml","7,99 €  16,65 €/l "
8426,"Näokreem niisutav BIO argaaniaõliga, GARNIER, 50 ml","7,49 €  149,80 €/l "
8427,"Looduslik köhasiirup, VIPIS, 150 ml","4,49 €  29,93 €/l "
8428,"Toidulisand Multi-B Stong N100, LOODUSTOODE, 37,5 g","5,49 €  146,40 €/kg "
8429,"Piimhappebakterid kapsel N14, LINEX FORTE, 4,32 g","9,99 €  2323,26 €/kg "
8430,"Poolpüsivärv Casting Creme 200, LOREAL, tk","9,99 €  9,99 €/tk "
8431,"Öökreem Triple Active, LOREAL, 50 ml","7,99 €  159,80 €/l "
8432,"Poolpüsivärv Casting Cream 801, LOREAL, tk","9,99 €  9,99 €/tk "
8433,"Püsivärv Color Naturals N°7,40, GARNIER, tk","4,69 €  42,64 €/l "
8434,"Püsivärv Intensive Color N1 must, PALETTE, tk","4,19 €  4,19 €/tk "
8435,"Juuksevaht Volume Sensation, NIVEA, 150 ml","4,99 €  33,27 €/l "
8436,"Habemeajamiskreem Mild, NIVEA, 100 ml","2,99 €  29,90 €/l "
8437,"Šampoon Color Protect 30, GLISS KUR, 250ml","3,69 €  14,76 €/l "
8438,"Õlieliksiir Ultimate Repair, GLISS KUR, 75 ml","8,99 €  119,87 €/l "
8439,"Rulldeodorant Male Invisible, REXONA, 50 ml","3,49 €  69,80 €/l "
8440,"Pesukaitsmed Normal Deo, ALWAYS, 30 tk","2,29 €  0,08 €/tk "
8441,"Hambapasta Valgendav polaaröö, NATURA SIBERICA, 130 g","3,99 €  39,90 €/kg "
8442,"Rulldeodorant Action Control Clinical, GARNIER, 50 ml","3,39 €  67,80 €/l "
8443,"Punase päevakübara-asteplaju siirup, VIPIS, 150 ml","4,39 €  29,27 €/l "
8444,"Ninasprei laste, HUMER, 150 ml","11,99 €  79,93 €/l "
8445,"Kaltsium+D3+Mg tbl N150, CALCISTRONG","8,99 €  40,86 €/kg "
8446,"Händy Pihusti, HÄNDY, 80 ml","2,99 €  37,38 €/l "
8447,"Palsam Elvital Arginine hapratele, väljalangevatele juustele, LOREAL, 200 ml","3,99 €  19,95 €/l "
8448,"Püsivärv Intensive Color N6, PALETTE, tk","4,19 €  4,19 €/tk "
8449,"Püsivärv Intensive Color C9, PALETTE, tk","4,19 €  4,19 €/tk "
8450,"Palsam Diamond Gloss sära andev, NIVEA, 200 ml","3,49 €  17,45 €/l "
8451,"Pulkdeodorant Invisible Power Black&White meestele, NIVEA, 40 g","3,99 €  99,75 €/kg "
8452,"Šampoon tüdrukutele, PUHAS LIMPA, 300 ml","2,59 €  8,63 €/l "
8453,"Püsivärv Professional 8-7, SYOSS, tk","6,49 €  6,49 €/tk "
8454,"Pulkdeodorant Sport Dp Power, FA, 50 g","3,39 €  67,80 €/kg "
8455,"Rulldeodorant Protection 6 Floral Fresh naistele, GARNIER, 50 ml","3,49 €  69,80 €/l "
8456,"Juukseeliksiir Pure Luxury Argan Oil Elixir, RICH, 70 ml","14,99 €  214,14 €/l "
8457,"Meigieemaldussalvrätikud veekindla meigi eemaldamiseks, BYPHASSE, 25 tk","3,49 €  3,49 €/tk "
8458,"Intensiivpalsam Elvital Extraordinary Reviver, L´OREAL, 180 ml","5,49 €  30,50 €/l "
8459,"Juuksevärv Olia 8.0 Blonde, GARNIER, 1 tk","6,99 €  6,99 €/tk "
8460,"Päevakreem BIO vananemisvastane lavandiiniga, GARNIER, 50 ml","9,99 €  199,80 €/l "
8461,"Astelpaju mahl meega, VIPIS, 150 ml","2,39 €  15,93 €/l "
8462,"Multivitamiinid Perele tbl N90, LIVOL MULTI, 88,6 g","12,49 €  140,97 €/kg "
8463,"Soolaseep, ALEKSANDERSALZ, 260 g","2,99 €  11,50 €/kg "
8464,"Jalariiv E1124, ELITE, 1tk","3,99 €  3,99 €/tk "
8465,"Palsam Argan Oil of Morocco, OGX, 88,7 ml","3,99 €  44,98 €/l "
8466,"Dusigeel Men Raikas 2in1, LUMENE, 200 ml","7,99 €  39,95 €/l "
8467,"Mitsellaarvesi Urban Skin Detox, NIVEA, 400 ml","8,49 €  21,23 €/l "
8468,"Suuvesi Sensitive, ELMEX, 400 ml","6,99 €  17,48 €/l "
8469,"Hambapasta Citrus fresh, BIOMED, 100 g","2,49 €  24,90 €/kg "
8470,"Energiat andvad tabl. Extreme Energy tbl N30, GERIMAX, 30 tbl","12,99 €  0,43 €/tk "
8471,"Pertussin siirup, PAIRA, 100 ml","3,49 €  34,90 €/l "
8472,"Palsam Elvital Total Repair Extreme eriti kahjustatud juustele, katkised otsad, LOREAL, 200 ml","3,99 €  19,95 €/l "
8473,"Rulldeodorant Mineral Deo Men, Black-White-Color, GARNIER, 50 ml","3,49 €  69,80 €/l "
8474,"Püsivärv Intensive Color W2 tume šokolaad, PALETTE, tk","4,19 €  4,19 €/tk "
8475,"Šampoon Thick & Strong 2in1, HEAD&SHOULDERS, 360 ml","6,99 €  19,42 €/l "
8476,"Šampoon Total Care, HEAD&SHOULDERS, 270 ml","5,49 €  20,33 €/l "
8477,"Šampoon Old Spice, HEAD&SHOULDERS, 270 ml","5,49 €  20,33 €/l "
8478,"KaltsiumitablettCalcia 800+N140, LOODUSTOODE, 223 g","7,59 €  34,04 €/kg "
8479,"Linaseemneõli, TERVIX, 150 ml","4,59 €  30,60 €/l "
8480,"Tsink tabletid N60, TERVISEPÜRAMIID, 60 tbl","11,99 €  0,20 €/tk "
8481,"Vatipadjad ümmargused, NORMAL CLINIC, 50 tk","0,79 €  0,02 €/tk "
8482,"Rulldeodorant Mineral Deo Men, Sport 96h, GARNIER, 50 ml","3,49 €  69,80 €/l "
8483,"Deodorant Mineral Black-White-Color naistele, GARNIER, 150 ml","3,69 €  24,60 €/l "
8484,"Palsam Color Protect 30, GLISS KUR, 200 ml","3,69 €  18,45 €/l "
8485,"Habemeajamisgeel Mild, NIVEA, 200 ml","5,49 €  27,45 €/l "
8486,"Jojobakreem, GREEN NATURE, 50 ml","4,59 €  91,80 €/l "
8487,"Šampoon Anti-Breakage Keratin Oil, OGX, 385 ml","11,99 €  31,14 €/l "
8488,"Šampoon Argan Oil of Morocco, OGX, 88,7 ml","3,99 €  44,98 €/l "
8489,"Intense geel, DUREX, 10 ml","10,99 €  1099,00 €/l "
8490,"Palsam Volüümi Andev, NATURA SIBERICA FLORA, 480 ml","7,99 €  16,65 €/l "
8491,"Juuksekreem Fructis Good Bye Damage 10IN1, GARNIER, 400 ml","6,99 €  17,48 €/l "
8492,"Šampoon kohevust andev, RICH, 250 ml","11,99 €  47,96 €/l "
8493,"Juuksevärv Olia 1.0 Deep Black, GARNIER, 1 tk","6,99 €  6,99 €/tk "
8494,"Toidulisand meestele N60, LIVOL MULTI, 67,2 g","11,49 €  170,98 €/kg "
8495,"Tabletid Omega-3 MagneActive N100, MÖLLER'S, 115 g","16,99 €  147,74 €/kg "
8496,"Näovesi Cool Wave Fresh meestele, GILLETTE, 100 ml","7,99 €  79,90 €/l "
8497,"Šampoon Elvital Total Repair 5, LOREAL, 400 ml","5,29 €  13,23 €/l "
8498,"Päevakreem tooniv, jumet paranda, GARNIER, 50 ml","9,99 €  199,80 €/l "
8499,"Šampoon Color Cristal Gloss, NIVEA, 250 ml","3,49 €  13,96 €/l "
8500,"Šampoon päevalillega, kaitsev, PUHAS LOODUS, 250 ml","2,29 €  9,16 €/l "
8501,"Püsivärv Professional 3-3, SYOSS, tk","6,49 €  6,49 €/tk "
8502,"Raseerija Proglide Flexball, GILLETTE, 1 tk","13,99 €  7,00 €/tk "
8503,"Konjac - näopuhastuse käsn, ELITE, 1 tk","4,49 €  4,49 €/tk "
8504,"Intensiivpalsam Elvital Total Repair 5 Reviver, L´OREAL, 180 ml","5,49 €  30,50 €/l "
8505,"Šampoon Taastav, NATURA SIBERICA FLORA, 480 ml","7,99 €  16,65 €/l "
8506,"Šampoon Värvitud Juustele, NATURA SIBERICA FLORA, 480 ml","7,99 €  16,65 €/l "
8507,"Mitsellaarvesi BIO rukkililleveega, GARNIER, 400 ml","9,99 €  24,98 €/l "
8508,"Kätepuhastusgeel, PURE-KLENZ, 50 ml","1,49 €  29,80 €/l "
8509,"Puhastav mikstuur Detox, LOODUSTOODE, 250 ml","12,99 €  51,96 €/l "
8510,"Echinamax siirup, LOODUSTOODE, 200 ml","5,99 €  29,95 €/l "
8511,"Maasikamaitselised multivitamiinid lastele N60, VITATABS, 60 tbl","8,99 €  0,15 tk "
8512,"Multivitamiinid Total naistele tbl N60, LIVOL MULTI, 73,2 g","11,49 €  156,97 €/kg "
8513,"Kompleksvitamiinid N20, MAGVIT B6","10,99 €  249,77 €/kg "
8514,"Immuunsust tugevdav maasikamaits. vitamiin N30, MARSIMEHE IMUNACTIV, 30 tbl","9,99 €  294,69 €/kg "
8515,"Päevakreem Q10+ 30-50a, NIVEA, 50 ml","14,99 €  299,80 €/l "
8516,"Vahaplaastrid tundlikule nahale, VEET, 12 tk","6,49 €  0,54 €/tk "
8517,"Tselluliidiseerum SLIM 4D Gold, EVELINE, 250 ml","7,99 €  31,96 €/l "
8518,"Silmameigieemaldaja Express 2in1, GARNIER, 125 ml","5,69 €  45,52 €/l "
8519,"Šampoon Elvital Arginine hapratele, väljalangevatele juustele, LOREAL, 400 ml","5,29 €  13,23 €/l "
8520,"Rulldeodorant Protection 6 Mineral Deo meestele, GARNIER, 50 ml","3,49 €  69,80 €/l "
8521,"Palsam intensiivselt niisutav ja taastav, RICH, 200 ml","12,99 €  64,95 €/l "
8522,"Tükiseep Tõrva, TÕRVA, 140 g","0,99 €  7,07 €/kg "
8523,"Juuksehari, ELITE, 1tk","9,99 €  9,99 €/tk "
8524,"Intensiivpalsam Elvital Color Vive Reviver, L´OREAL, 180 ml","5,49 €  30,50 €/l "
8525,"Palsam Taastav, NATURA SIBERICA FLORA, 480 ml","7,99 €  16,65 €/l "
8526,"Toidulisand Visioon, TERVISEKS, 30 tbl","7,99 €  0,27 €/tk "
8527,"Natural Plus ninasprei, OTRIVIN, 20 ml","5,79 €  289,50 €/l "
8528,"PROENZI ARTHROSTOP kreem liigestele, PROENZI, 100 ml","14,99 €  149,90 €/l "
8529,"Deodorant Mineral Extreme meestele, GARNIER, 150 ml","3,69 €  24,60 €/l "
8530,"Püsivärv Intensive Color N2, PALETTE, tk","4,19 €  4,19 €/tk "
8531,"Palsam Mild raseerimisjärgne, NIVEA, 100 ml","8,99 €  89,90 €/l "
8532,"Juukselakk Volume Sensation, NIVEA, 250 ml","4,99 €  19,96 €/l "
8533,"Päevituskreem SPF30, SOLAR, 100 ml","5,99 €  59,90 €/l "
8534,"Deodorant jalgadele Fresh Step, SCHOLL, 150 ml","6,49 €  43,27 €/l "
8535,"Dušigeel Xtreme Polar meestele, FA MEN, 400 ml","3,49 €  8,73 €/l "
8536,"Küünetangid ketiga, ELITE, 1 tk","1,99 €  1,99 €/tk "
8537,"Šampoon Botanicals Fresh Care Radiance Remedy, tuhmidele ja värvitud juustele, LOREAL, 400 ml","9,99 €  24,98 €/l "
8538,"Mitsellaarvesi tundlikule nahale, LOREAL, 200 ml","6,99 €  34,95 €/l "
8539,"Palsam Apple, HEAD&SHOULDERS, 220 ml","4,79 €  21,77 €/l "
8540,"Näotoonik BIO tüümianiga, GARNIER, 150 ml","6,49 €  43,27 €/l "
8541,"Hambapasta Advanced White, COLGATE, 100 ml","2,19 €  21,90 €/l "
8542,"Hambapasta Max White White Crystals, COLGATE, 100 ml","2,19 €  21,90 €/l "
8543,"Hambapasta Max White Sparkle Diamonds, COLGATE, 100 ml","2,19 €  21,90 €/l "
8544,"Urinal Akut tbl N10, WALMARK, 5,5 g","11,99 €  2180,00 €/kg "
8545,"Poolpüsivärv Casting Creme 415, LOREAL, tk","9,99 €  9,99 €/tk "
8546,"Seerum Fructis Good Bye Damage, GARNIER, 50 ml","6,39 €  127,80 €/l "
8547,"Näoseened puhastamiseks, ELITE, 1 tk","2,79 €  1,40 €/tk "
8548,"Toitev kreem kuivale ja väga kuivale nahale, MIXA, 50 ml","8,99 €  179,80 €/l "
8549,"Juuksepalsam Anti-Breakage Keratin Oil, OGX, 385 ml","11,99 €  31,14 €/l "
8550,"Palsam Botanicals Fresh Care Radiance Remedy, tuhmidele ja värvitud juustele, LOREAL, 200 ml","9,99 €  49,95 €/l "
8551,"Palsam Botanicals Fresh Care Rich Infusion, sügavalt toitev, LOREAL, 200 ml","9,99 €  49,95 €/l "
8552,"Šampoon Botanicals Fresh Care Rich Infusion, sügavalt toitev, LOREAL, 400 ml","9,99 €  24,98 €/l "
8553,"SPF 30 Spray gel Bronzer, AUSTRALIAN GOLD, 237 ml","19,99 €  84,35 €/l "
8554,"Raseerimisgeel Fusion5 Ultra Moisturizing, GILLETTE, 200ml","5,99 €  29,95 €/l "
8555,"Palsam Avocado oil repair, NATURE BOX, 385 ml","6,99 €  18,16 €/l "
8556,"Kehapiim Essential Nourishment, DOVE, 250 ml","5,49 €  21,96 €/l "
8557,"Šampoon To The Rescue, niisutav, NOUGHTY, 250 ml","7,99 €  31,96 €/l "
8558,"Palsam To The Rescue, niisutav, NOUGHTY, 250 ml","7,99 €  31,96 €/l "
8559,"Šampoon Pumped UP, volüümiandev, NOUGHTY, 250 ml","7,99 €  31,96 €/l "
8560,"Palsam Värvitud Juustele, NATURA SIBERICA FLORA, 480 ml","7,99 €  16,65 €/l "
8561,"Päevakreem Hyaluron Specialist, L´OREAL, 50 ml","10,99 €  219,80 €/l "
8562,"Öökreem Hyaluron Specialist, L´OREAL, 50 ml","10,99 €  219,80 €/l "
8563,"Kuivšampoon Kohevust andev, RICH, 200 ml","14,99 €  74,95 €/l "
8564,"Salvei, kummeli, saialille tinktuur, VIPIS, 30 ml","5,49 €  183,00 €/l "
8565,"Südame tabletid N60, CARDIOSAN, 39 g","6,49 €  166,41 €/kg "
8566,"Kapslid meestele N40, MEN POWER, 16 g","7,29 €  455,63 €/kg "
8567,"Punane päevakübar tbl taruvaik, viinamarjam.karu N60, YOMI, 150 g","15,99 €  1066,00 €/kg "
8568,"Sprei kurgu ja neelu põletiku raviks N1, FARINGO, 20ml","7,19 €  359,50 €/l "
8569,"Palsam Color Cristal Gloss värvi, NIVEA, 200 ml","3,49 €  17,45 €/l "
8570,"Juukselakk Diamond Gloss, NIVEA, 250 ml","4,99 €  19,96 €/l "
8571,"Juuksegeel Xpress Wet Look, TAFT, 150ml","4,39 €  29,27 €/l "
8572,"Šampoon Ocean Energy, HEAD&SHOULDERS, 400 ml","6,99 €  17,48 €/l "
8573,"Šampoon Fine Hair Aqua Light, PANTENE, 400 ml","4,79 €  11,98 €/l "
8574,"Püsivärv Professional 1-1, SYOSS, tk","6,49 €  6,49 €/tk "
8575,"Püsivärv Color 10-5, SYOSS, tk","6,49 €  6,49 €/tk "
8576,"Küüneviilide, ELITE, 24 tk","2,69 €  0,11 €/tk "
8577,"Šampoon arginine + growth activator, SCHWARZKOPF, 250 ml","3,79 €  15,16 €/l "
8578,"Toonik Skin Naturals roosi veega, GARNIER, 200 ml","5,29 €  26,45 €/l "
8579,"Juuksemask Elvital Extraordinary Coco, LOREAL, 300ml","7,69 €  25,63 €/l "
8580,"Palsam Pumped UP, volüümiandev, NOUGHTY, 250 ml","7,99 €  31,96 €/l "
8581,"Palsam Nourishing, HEAD&SHOULDERS, 220 ml","4,79 €  21,77 €/l "
8582,"Palsam kohevust andev, RICH, 200 ml","12,99 €  64,95 €/l "
8583,"Tselluliidivastane seerum Slim Extreme 4D Liposuction, EVELINE COSMETICS, 250 ml","6,99 €  27,96 €/l "
8584,"Palsam Colour Safe värvikaitsega, RICH, 200 ml","12,99 €  64,95 €/l "
8585,"Kurkum piperiiniga N120, MERAVITA, 120 kpsl","17,99 €  0,15 €/tk "
8586,"Pohmu N4, MERAVITA, 4 tk","5,99 €  1,50 €/tk "
8587,"Deodorant Action Control, GARNIER, 150 ml","3,69 €  24,60 €/l "
8588,"Püsivärv Intensive Color N7, PALETTE, 1tk","4,19 €  4,19 €/tk "
8589,"Desinfitseerimisgeel kätele, PURE-KLENZ, 100 ml","1,69 €  16,90 €/l "
8590,"Mitsellaarvesi Pure Active probleemsele nahale, GARNIER, 400 ml","7,99 €  19,98 €/l "
8591,"Šampoon Botanicals Fresh Care Strength Cure, nõrkadele ja õ, LOREAL, 400 ml","9,99 €  24,98 €/l "
8592,"Deodorant Active Protection Inv meestele, REXONA, 150 ml","3,49 €  23,27 €/l "
8593,"Meigieemaldus salvrätikud rasusele nahale, BYPHASSE, 20 tk","2,99 €  0,15 €/tk "
8594,"Juuksevärv Olia 4.0 Dark Brown, GARNIER, 1 tk","6,99 €  6,99 €/tk "
8595,"Näosprei BIO argaaniaõli ja rukkililleveega toitev, GARNIER, 150 ml","6,49 €  43,27 €/l "
8596,"Juuksemask Ultimate Moisture, RICH, 250 ml","14,99 €  59,96 €/l "
8597,"Abisan köhasiirup meega, LOODUSTOODE, 200 ml","6,49 €  32,45 €/l "
8598,"Magneesiumi-õli (nahale määrimiseks), ZECHSTEIN INSIDE, 200 ml","6,99 €  34,95 €/l "
8599,"Kummikarud N60, 120 g, LIVOL MULTI","12,99 €  0,22 €/tk "
8600,"Juuksevaht Volume Power Ultra, TAFT, 200 ml","4,39 €  21,95 €/l "
8601,"Juukselakk Ultra Strong, NIVEA, 250 ml","4,99 €  19,96 €/l "
8602,"Juukselakk Power Cashmere Mega Strong, TAFT, 250 ml","4,39 €  17,56 €/l "
8603,"Püsivärv Professional 4-1, SYOSS, tk","6,49 €  6,49 €/tk "
8604,"Püsivärv Professional 4-2, SYOSS, tk","6,49 €  6,49 €/tk "
8605,"Püsivärv Professional 5-8, SYOSS, tk","6,49 €  6,49 €/tk "
8606,"Peegel, ELITE, 1 tk","6,99 €  6,99 €/tk "
8607,"Solaariumikreem Caramel+Bronzer, SUNMAXX, 15 ml","2,49 €  166,00 €/l "
8608,"Šampoon Coconut Water, OGX, 88,7 ml","3,99 €  44,98 €/l "
8609,"Raseerimisjärgne palsam Men Expert Hydra Sensitive, LOREAL, 125 ml","8,99 €  71,92 €/l "
8610,"Mask Botanicals Fresh Care Rich Infusion, sügavalt toitev, LOREAL, 200 ml","10,99 €  54,95 €/l "
8611,"Näopiim Skin Naturals roosi veega, GARNIER, 200 ml","5,29 €  26,45 €/l "
8612,"Šampoon Wave Hello Lokkis Juustele, NOUGHTY, 250 ml","7,99 €  31,96 €/l "
8613,"Šampoon Care Taker Peanahka Rahustav, NOUGHTY, 250 ml","7,99 €  31,96 €/l "
8614,"Šampoon Pomegranate Oil, NATURE BOX, 385 ml","6,99 €  18,16 €/l "
8615,"Šampoon Silver Care, DOVE, 250 ml","3,49 €  13,96 €/l "
8616,"Šampoon volume antibakteriaalne, ORGANIK SHOP, 280 ml","3,49 €  12,46 €/l "
8617,"Toidulisand Ca-Mg-Zn, TERVISEKS, 100 tbl","6,69 €  0,07 €/tk "
8618,"Kapslid juustele N56, LOODUSTOODE, 80 g","14,99 €  187,38 €/kg "
8619,"Multivitamiinid 50+ tbl N60, LIVOL MULTI","10,99 €  203,52 €/kg "
8620,"Rahustavad tilgad, PAIRA, 40 ml","4,99 €  124,75 €/l "
8621,"Magneesiumtsitraat 1300 mg tabletid N30, TERVISEPÜRAMIID, 30 tbl","13,99 €  0,47 €/tk "
8622,"Püsivärv Intensive Color R15, PALETTE, tk","4,19 €  4,19 €/tk "
8623,"Geel liigestele ja lihastele, KRÄUTERHOF, 250 ml","7,99 €  31,96 €/l "
8624,"Kreem väsinud jalgadele, KRÄUTERHOF, 250 ml","5,49 €  21,96 €/l "
8625,"Seerum juuksekasvu kiirendamiseks, KRÄUTERHOF, 100 ml","12,99 €  129,90 €/l "
8626,"Püsivärv Professional 9-5, SYOSS, tk","6,49 €  6,49 €/tk "
8627,"Deodorant Floral Fresh Protection 6 naistele, GARNIER, 150 ml","3,69 €  24,60 €/l "
8628,"Deodorant Protection 6 Mineral Deo meestele, GARNIER, 150 ml","3,69 €  24,60 €/l "
8629,"Tselluliidivastane seerum, KRÄUTERHOF, 100 ml","11,99 €  119,90 €/l "
8630,"Palsam Botanicals Strength Cure, nõrkadele ja õhukestele juustele, LOREAL, 200 ml","9,99 €  49,95 €/l "
8631,"Palsam Almond oil volume, NATURE BOX, 385 ml","6,99 €  18,16 €/l "
8632,"Näomask must, söega","2,99 €  2,99 €/tk "
8633,"Raseerija Skinguard 2up, GILLETTE, 1 tk","11,99 €  11,99 €/tk "
8634,"Varuterad Skinguard, GILLETTE, 4 tk","19,99 €  5,00 €/tk "
8635,Clavin Ultra kaps N8,"25,90 €  5180,00 €/kg "
8636,"Methoddraine detox maksapuhastaja tbl N60, ORTIS, 53,6 g","13,49 €  251,68 €/kg "
8637,"Sojaletsitiini graanulid, REFORMI, 250 g","9,99 €  39,96 €/kg "
8638,"Kurgusprei, DECATYLEN, 20 ml","6,49 €  324,50 €/l "
8639,"Hepastrong Amino kapslid N30, 18,2 g","12,99 €  713,74 €/kg "
8640,"Solaariumikreem Mango+Bronzer, SUNMAXX, 15 ml","2,49 €  166,00 €/l "
8641,"Päevituskreem SPF15, SOLAR, 100 ml","4,99 €  49,90 €/l "
8642,"Kokkupandav peegliga hari, ELITE, 1 tk","5,99 €  5,99 €/tk "
8643,"Juuksevaht Color Care & Protect, NIVEA, 150 ml","4,99 €  33,27 €/l "
8644,"SPF 15 spray Gel W/ Bronzer, AUSTRALIAN GOLD, 237 ml","18,99 €  80,13 €/l "
8645,"Spray Gel+Bronzer SPF6, AUSTRALIAN GOLD, 237 ml","18,99 €  80,13 €/l "
8646,"Deodorant Kompressed Invisible naistele, REXONA, 75 ml","3,29 €  43,87 €/l "
8647,"Juuksemask To The Rescue, Intensiivne niisutav hooldus, NOUGHTY, 300 ml","8,99 €  29,97 €/l "
8648,"Palsam Pomegrante Oil, NATURE BOX, 385 ml","6,99 €  18,16 €/l "
8649,"Juukselakk Volume, NIVEA, 250 ml","6,99 €  27,96 €/l "
8650,"Palsam Botanicals Fresh Care Arnica, L´OREAL, 200 ml","9,99 €  49,95 €/l "
8651,"Vedelseep Flower Love, PALMOLIVE, 300 ml","2,19 €  7,30 €/l "
8652,"Šampoon Colour Safe värvikaitsega, RICH, 250 ml","11,99 €  47,96 €/l "
8653,"Astelpajuõli, TERVIX, 150 ml","7,99 €  53,27 €/l "
8654,"Methoddraine detox express n7x15ml BIO, ORTIS, 200 ml","11,49 €  57,45 €/l "
8655,"Peegel ja pintsetid, ELITE, 1 kmpl","4,99 €  4,99 €/tk "
8656,"Geel liigestele ja lihastele hobusepalsam, KRÄUTERHOF, 250 ml","5,99 €  23,96 €/l "
8657,"Päevituskreem SPF6, SOLAR, 100 ml","4,49 €  44,90 €/l "
8658,"Päevitusjärgne kreem, SOLAR, 100 ml","4,49 €  44,90 €/l "
8659,"Päevitusjärgne piim, SOLAR, 150 ml","5,99 €  39,93 €/l "
8660,"Aroomiplaaster My Little Nose, MEDRULL, 5 tk","3,99 €  0,80 €/tk "
8661,"Šampoon Botanicals Fresh Care Arnica, L´OREAL, 400 ml","9,99 €  24,98 €/l "
8662,"Flexicur plus liigesetabletid N30, ORTIS, 23,9 g","14,49 €  606,28 €/kg "
8663,"Menostop kapslid N30, PAIRA, 29 g","6,49 €  223,79 €/kg "
8664,"C-vitamiin pihlakatega N30, MERAVITA, 30 kpsl","6,49 €  341,58 €/kg "
8665,"Päevituspiim SPF 30, SOLAR, 150 ml","8,99 €  59,93 €/l "
8666,"Tualettvesi Blue Seduction meestele, ANTONIO BANDERAS, 50 ml","22,90 €  458,00 €/l "
8667,"Nina- ja kõrvakarvalõikur, BABYLISS, 1tk","12,99 €  12,99 €/tk "
8668,"Palsam Coconut Water, OGX, 88,7 ml","3,99 €  44,98 €/l "
8669,"Raseerimisgeel Pure Sensitive, GILLETTE, 200 ml","4,99 €  24,95 €/l "
8670,"Niisutav aaloe geel, AUSTRALIAN GOLD, 237 ml","19,99 €  84,35 €/l "
8671,"Rulldeodorant Active Protection, REXONA, 50 ml","3,29 €  21,93 €/l "
8672,"SPF 10 Spray Gel W/Bronzer, AUSTRALIAN GOLD, 237 ml","18,99 €  80,13 €/l "
8673,"Dušigeel Almond oil sensitive, NATURE BOX, 385 ml","5,49 €  14,26 €/l "
8674,"Tselluliidiseerum mudaga, jahutav, EVELINE COSMETICS, 250 ml","7,99 €  31,96 €/l "
8675,"Dušigeel Ultra Protection antibakteriaalne, NATURA SIBERICA, 400 ml","4,49 €  11,23 €/l "
8676,"Rasedustest, BIOCARD, tk","2,19 €  2,19 €/tk "
8677,"Varuterad Mach3 Turbo, GILLETTE, 8tk","24,90 €  3,11 €/tk "
8678,"Raseerija Fusion + 2 tera, GILLETTE, 1 kmpl","11,99 €  11,99 €/tk "
8679,"Seerum To The Rescue Kahjustatud Juustele, NOUGHTY, 75 ml","8,99 €  119,87 €/l "
8680,"Sirged küünekäärid, ELITE, 1 tk","6,99 €  6,99 €/tk "
8681,"Meigišvammid ovaalsed, väiksed, ELITE, 1 kmpl","2,99 €  0,75 €/tk "
8682,"Dušigeel antibakteriaalne, ORGANIK SHOP, 280 ml","3,49 €  12,46 €/l "
8683,"Vedelseep antibakteriaalne, ORGANIK SHOP, 500 ml","2,99 €  5,98 €/l "
8684,"Kätegeel Puhastav, ORGANIC SHOP, 100 ml","2,99 €  29,90 €/l "
8685,"Kätegeel Puhastav, ORGANIC SHOP, 200 ml","4,49 €  22,45 €/l "
8686,"Šampoon Ultra Protection antibakteriaalne, NATURA SIBERICA, 400 ml","4,99 €  12,48 €/l "
8687,"Vedelseep Ultra Protection antibkteriaalne effekt, NATURA SIBERICA, 500 ml","4,49 €  8,98 €/l "
8688,"Varuterad Venus Breeze, GILLETTTE, 4 TK","14,99 €  3,75 €/tk "
8689,"Händy Kätegeel Alkoholiga, HÄNDY, 100 ml","2,99 €  29,90 €/l "
8690,"Hambahari Zig-Zag Charcoal, COLGATE, 3 tk","2,89 €  0,96 €/tk "
8691,"Hambapasta Natural Extracts Coconut & Ginger, COLGATE, 75 ml","3,99 €  53,20 €/l "
8692,"Hügieenisidemed Natural Care Ultra Normal, LIBRESSE, 10 tk","1,69 €  0,17 €/tk "
8693,"Hügieenisidemed Ultra Thin Goodnight Wings, LIBRESSE, 8 tk","1,99 €  0,25 €/tk "
8694,"Vatitikud Naturals Virgin Cotton, CLEANIC, 200 tk","1,19 €  0,01 €/tk "
8695,"Niisked antibakt.salvrätid Kummeliga, AURA, 15 tk","0,59 €  0,04 €/tk "
8696,"Päevituspiim SPF10, veekindel, SOLAR, 150 ml","7,99 €  53,27 €/l "
8697,"Päevitusemulsioon SPF15, HAWAIIAN TROPIC, 100 ml","6,69 €  66,90 €/l "
8698,"Päevitusemulsioon SPF30, HAWAIIAN TROPIC, 100 ml","6,99 €  69,90 €/l "
8699,"Saialille salv, PAIRA, 30 g","2,69 €  89,67 €/kg "
8700,"Tsinksalv, PAIRA, 23 g","2,69 €  116,96 €/kg "
8701,"Dušigeel Calming Hemp with Camomile, PALMOLIVE, 500 ml","4,49 €  8,98 €/l "
8702,"Näokreem Sensitive meestele, NIVEA, 50 ml","8,99 €  179,80 €/l "
8703,"Palsam Energy Q10 raseerimisjärg, NIVEA, 100 ml","8,99 €  89,90 €/l "
8704,"Raseerija meestele Quattro Titanium CoreM, WILKINSON SWORD, 1 tk","7,99 €  7,99 €/tk "
8705,"Ihupiim Aloe & Hydration, NIVEA, 250 ml","5,49 €  21,96 €/l "
8706,"Geeldeodorant Fitness, naistele, LADY SPEED STICK, 65 g","3,49 €  53,69 €/kg "
8707,"Palsam Repair&Protect, PANTENE, 200 ml","3,39 €  16,95 €/l "
8708,"Varuterad Flex 5 Hybrid, BIC, 4 tk","9,99 €  2,50 €/tk "
8709,"Raseerija Mach3 Turbo 3D 2UP, GILLETTE, 1 tk","11,99 €  11,99 €/tk "
8710,"Raseerija Blue3 Comfort ULC ühekordne, GILLETTE, 8 tk","7,99 €  1,00 €/tk "
8711,"Raseerija Quattro Titanium Vintage, WILKINSON SWORD, 1 tk","13,99 €  13,99 €/tk "
8712,"Varuterad Quattro Titanium Vintage, WILKINSON SWORD, 4 tk","19,99 €  5,00 €/tk "
8713,"Raseerimisgeel Fusion5 Ultra Sensitive, GILLETTE, 200 ml","5,99 €  29,95 €/l "
8714,"Palsam Fructis Hair Food Banaani, GARNIER, 350 ml","6,99 €  19,97 €/l "
8715,"Šampoon Fructis Hair Food Banaani, GARNIER, 350 ml","6,99 €  19,97 €/l "
8716,"Juukseklambrid, ELITE, 1 kmpl","4,99 €  4,99 €/tk "
8717,"Safiirküüneviil, ELITE, 1 tk","2,59 €  2,59 €/tk "
8718,"Juukseaksessuaar, ELITE, 1 kmpl","4,99 €  4,99 €/tk "
8719,"Puudripintsel, sissetõmmatav, ELITE, 1 tk","10,99 €  10,99 €/tk "
8720,"Hambapasta Junior Marjade Mix, R.O.C.S., 74 g","5,49 €  74,19 €/kg "
8721,"Depilatsioonikreem Gen-Z Sensitive, VEET, 90 ml","4,99 €  55,44 €/l "
8722,"Vedelseep, LOTTE, 500 ml","1,99 €  3,98 €/l "
8723,"Raseerimisgeel Proglide Alpine Clean, GILLETTE, 170 ml","6,99 €  41,12 €/l "
8724,"Raseerija Mach3 + 1 varutera, GILLETTE, komplekt","8,99 €  8,99 €/tk "
8725,"Varuterad Fusion, GILLETTE, 8 tk","34,90 €  4,36 €/tk "
8726,"Varuterad Fusion Power, GILLETTE, 4 tk","22,90 €  5,73 €/tk "
8727,"Raseerija Mach3 Turbo, GILLETTE, 1 tk","11,99 €  11,99 €/tk "
8728,"Šampoon niisutav ja taastav, JOHN FRIEDA, 250 ml","9,99 €  39,96 €/l "
8729,"Palsam niisutav ja taastav, JOHN FRIEDA, 250 ml","9,99 €  39,96 €/l "
8730,"Juuksemask niisutav ja taastav, JOHN FRIEDA, 250 ml","10,99 €  43,96 €/l "
8731,"Breakfast Club Pirni-maasika-banaani Crunchy, BOOST YOURSELF, 170 g","17,99 €  105,82 €/kg "
8732,"Šampoon volume meestele, SYOSS, 440 ml","5,49 €  12,48 €/l "
8733,"Šampoon Moisturizing, SYOSS, 440 ml","5,49 €  12,48 €/l "
8734,"Šampoon Full Hair, SYOSS, 440 ml","5,49 €  12,48 €/l "
8735,"Šampoon Anti Dandruff Control, SYOSS, 440 ml","5,49 €  12,48 €/l "
8736,"Šampoon Renew 7, SYOSS, 440 ml","5,49 €  12,48 €/l "
8737,"Šampoon Color, SYOSS, 440 ml","5,49 €  12,48 €/l "
8738,"Šampoon Repair, SYOSS, 440 ml","5,49 €  12,48 €/l "
8739,"Šampoon Volume, SYOSS, 440 ml","5,49 €  12,48 €/l "
8740,"Šampoon Power&Strength meestele, SYOSS, 440 ml","5,49 €  12,48 €/l "
8741,"Šampoon Keratin Hair Perfection, SYOSS, 440 ml","5,49 €  12,48 €/l "
8742,"Šampoon Salonplex, SYOSS, 440 ml","5,49 €  12,48 €/l "
8743,"Šampoon Balancing, SYOSS, 440 ml","5,49 €  12,48 €/l "
8744,"Palsam Renew 7, SYOSS, 440 ml","5,49 €  12,48 €/l "
8745,"Palsam Color, SYOSS, 440 ml","5,49 €  12,48 €/l "
8746,"Palsam Repair, SYOSS, 440 ml","5,49 €  12,48 €/l "
8747,"Palsam Keratin Hair Perfection, SYOSS, 440 ml","5,49 €  12,48 €/l "
8748,"Palsam Salonplex, SYOSS, 440 ml","5,49 €  12,48 €/l "
8749,"Šampoon Split-End, GLISS KUR, 250 ml","3,69 €  14,76 €/l "
8750,"Palsam Split-End, GLISS KUR, 200 ml","3,69 €  18,45 €/l "
8751,"Spreipalsam Split-End, GLISS KUR, 200 ml","5,39 €  26,95 €/l "
8752,"Seerum Split-End, GLISS KUR, 75 ml","5,99 €  79,87 €/l "
8753,"Juukseteraapia Oil Nutritive, GLISS KUR, 20 ml","1,39 €  1,39 €/tk "
8754,"Šampoon Argan Oil, NATURE BOX, 385 ml","6,99 €  18,16 €/l "
8755,"Dušigeel Olive Oil, NATURE BOX, 385 ml","5,49 €  14,26 €/l "
8756,"Dušigeel Ipanema Nights meestele, FA MEN, 400 ml","3,49 €  8,73 €/l "
8757,"Dušigeel Polynesia Secrets Umuhei Ritual, FA, 250 ml","2,49 €  9,96 €/l "
8758,"Dušigeel Ipanema Nights, FA, 250 ml","2,49 €  9,96 €/l "
8759,"Dušikreem & šampoon Men high seas, FA, 200 ml","3,49 €  17,45 €/l "
8760,"Dušikreem & šampoon Men aqua deep, FA, 200 ml","3,49 €  17,45 €/l "
8761,"Dušigeel Passion Fruit oil, NATURE BOX, 385 ml","5,49 €  14,26 €/l "
8762,"Dušigeel Men Stress Free, PALMOLIVE, 500 ml","3,99 €  7,98 €/l "
8763,"Geeldeodorant meestele Cool Night, MENNEN, 85 g","4,49 €  52,82 €/kg "
8764,"Raseerija Sensor 3 käepide + varuterad 3 tk, GILLETTE, 1 kmpl","5,99 €  5,99 €/tk "
8765,"Raseerija Sensor 3 käepide + varuterad 6 tk, GILLETTE, 1 kmpl","7,99 €  7,99 €/tk "
8766,"Palsam sära andev, DOVE, 200 ml","3,49 €  17,45 €/l "
8767,"Šampoon Moisture Renewal, PANTENE, 400 ml","4,79 €  11,98 €/l "
8768,"Magneesium 400mg närimistabl. 30tbl, SANOTACT, 66 g","4,69 €  71,06 €/kg "
8769,"Õllepärm+Tsink+Biotiin+B12+B6, SANOTACT, 30 g","3,99 €  133,00 €/kg "
8770,"Psülliumi pulber, SLIM, 250 g","10,99 €  43,96 €/kg "
8771,"Breakfast Club Maasika-kookose Crunchy, BOOST YOURSELF, 170 g","16,99 €  99,94 €/kg "
8772,"Breakfast Club Vaarika-kookose Crunchy, BOOST YOURSELF, 170 g","16,99 €  99,94 €/kg "
8773,"Deodorant Invisible on B+W clothes meestele, REXONA, 150 ml","3,49 €  23,27 €/l "
8774,"Deodorant Invisible on B+W clothes naistele, REXONA, 150 ml","3,29 €  21,93 €/l "
8775,"Rulldeodorant Invisible on B+W clothes naistele, REXONA, 50 ml","3,29 €  65,80 €/l "
8776,"Deodorant Crystal Pure naistele, REXONA, 150 ml","3,29 €  21,93 €/l "
8777,"Pulkdeodorant Sensive Aloe Vera, REXONA, 40 ml","3,29 €  82,25 €/l "
8778,"Pulkdeodorant Sport Defence mees, REXONA, 50 ml","3,49 €  69,80 €/l "
8779,"Deodorant Sport Defence meestele, REXONA, 150 ml","3,49 €  23,27 €/l "
8780,"Deodorant Active Shield sprei, REXONA, 150 ml","3,29 €  21,93 €/l "
8781,"Deodorant Active Shield meestele, REXONA, 150 ml","3,49 €  23,27 €/l "
8782,"C-vitamiin 1000 mg bioflavonoidide ja kibuvitsaga N60, NUTRIDREAM, 79 g","11,99 €  151,77 €/kg "
8783,"Magneesium 200mg (tsitraat)+ Vitamiin B6-ga 60 tbl, NUTRIDREAM, 115 g","13,99 €  121,65 €/kg "
8784,"Kangasmask Hyaluronic Aloe, 1 tk, GARNIER","2,49 €  2,49 €/tk "
8785,"Seerum Revitalift Filler 1,5% puhta hüaluroonhappega, L´OREAL, 30 ml","19,99 €  19,99 €/l "
8786,"Siirup hingamisteede heaks (köhasiirup) MAHE, MK LOODUSRAVI, 100 ml","5,49 €  54,90 €/l "
8787,"Kurgusiirup MAHE, MK LOODUSRAVI, 100 ml","5,49 €  54,90 €/l "
8788,"Saialille tinktuur MAHE, MK LOODUSRAVI, 30 ml","4,49 €  149,67 €/l "
8789,"Juukselakk casual chic, TAFT, 250 ml","4,39 €  17,56 €/l "
8790,"Mitsellaarvesi roosiveega, GARNIER, 400 ml","7,99 €  19,98 €/l "
8791,"Immuno Eliksiir Mustsõstar, CHAGA HEALTH, 250 ml","13,99 €  55,96 €/l "
8792,"Seerum To The Rescue Kahjustatud Juustele, 75ml","8,99 €  119,87 €/l "
8793,"Pesukaitsmed Long Extra Protect, LIBRESSE, 22 tk","1,99 €  0,09 €/tk "
8794,"Kolmekihiline ühekordne meditsiiniline mask,10 tk","4,99 €  0,50 €/tk "
8795,"Kolmekihiline ühekordne meditsiiniline mask, 50 tk","13,99 €  0,28 €/tk "
8796,"Šampoon Olive oil, NATURE BOX, 385 ml","6,99 €  18,16 €/l "
8797,"Spreipalsam Avocado oil, NATURE BOX, 200 ml","6,99 €  34,95 €/l "
8798,"Spreipalsam Pomegrante oil, NATURE BOX, 200 ml","6,99 €  34,95 €/l "
8799,"Hambapasta Advanced White Charcoal, COLGATE, 100 ml","2,19 €  21,90 €/l "
8800,"Hambapasta Natural Extracts Hemp Seed Oil, COLGATE, 75 ml","3,99 €  53,20 €/l "
8801,"Suuvesi Faces, COLGATE, 500 ml","5,49 €  10,98 €/l "
8802,"Magne B6 Fast N20 (pakikesed), MAGNE, 31,5 g","10,99 €  348,89 €/kg "
8803,"Magne B6 Sleep kapslid N30, MAGNE, 18 g","10,99 €  610,56 €/kg "
8804,"Askorbiinhape dražee 50mg N200, ABC, 50 g","0,99 €  19,80 €/kg "
8805,"Kehapiim kanepi, XBC, 250 ml","4,49 €  17,96 €/l "
8806,"Vatitikud Rose Beauty, CLEANIC, 200 tk","1,19 €  1,19 €/rl "
8807,"Vatipadjad Rose Beauty, CLEANIC, 80 tk","0,99 €  0,99 €/rl "
8808,"Bamboo vatitikud ZIP kotis, NORMAL CLINIC, 200 tk","0,99 €  0,99 €/rl "
8809,"Omega-3 kalaõlikapslid D-vitamiiniga N120, LYSI, 83 g","11,99 €  144,46 €/kg "
8810,"Omega-3 kalaõlikapslid E-vitamiiniga N120, LYSI, 82 g","11,99 €  146,22 €/kg "
8811,"HULGI Pesukaitsmed Natural Normal 160tk, LIBRESSE, 4 x 40 tk","5,00 €  0,03 €/tk "
8812,"HULGI Hügieenisidemed Natural Normal Duopakk 80tk, LIBRESSE, 4 x 20 tk","7,00 €  0,09 €/tk "
8813,"HULGI Hambapasta Biocalcium 300ml, SPLAT, 3 x 100 ml","6,00 €  20,00 €/l "
8814,"Hambahari High Density Charcoal Soft, COLGATE, 2 tk","2,59 €  1,30 €/tk "
8815,"Goji marjad, INTENSON, 150 g","4,29 €  28,60 €/kg "
8816,"C-vitamiin 100% looduslik, SANOTACT, 51 g","4,99 €  97,84 €/kg "
8817,"Magvit Plus tabletid N42, MAGVIT PLUS, 63,4 g","13,99 €  220,66 €/kg "
8818,"D-mannoos 30kpsl, SANOTACT, 30 tk","9,99 €  0,33 €/tk "
8819,"Kollageen Vaarika supertoidusegu, BOOST YOURSELF, 300 g","25,90 €  86,33 €/kg "
8820,"Kollageenijook, 14x10g peptiide, NUTRISSLIM, 140 g","9,99 €  71,36 €/kg "
8821,"Vitamiin C 300mg N120, SANKT-BERNARD, 97 g","7,19 €  74,12 €/kg "
8822,"Vitamiin C 300mg + tsink N60, SANKT-BERNARD, 40 g","5,39 €  134,75 €/kg "
8823,"Elektriline hambahari ja vutlar Star Wars, ORAL-B, 1 tk","25,90 €  25,90 €/tk "
8824,"Raud Complex 20mg N30, RAUD, 15 g","9,49 €  632,67 €/kg "
8825,"D3-vitamiin Sacha Inchi proteiinidega N70, MERAVITA, 70 kpsl","15,99 €  0,23 €/tk "
8826,"Vannikuulid Rose, ELYSIUM SPA, 3 tk","3,49 €  3,49 €/tk "
8827,"Vannisool Ocean Breeze, ELYSIUM SPA, 450 g","3,49 €  3,49 €/tk "
8828,"Vanisool Vanilla Sugar, ELYSIUM SPA, 450 g","3,49 €  7,76 €/kg "
8829,"Vannikuulid Coconut & Lime, ELYSIUM SPA, 3 tk","3,49 €  1,16 €/tk "
8830,"Jaladeodorant Football, REXONA, 150 ml","4,99 €  33,27 €/l "
8831,"Dušigeel 2in1 Deep Cleansing, HEAD & SHOULDERS, 270 ml","5,69 €  21,07 €/l "
8832,"Dušigeel 2in1 Energizing, HEAD & SHOULDERS, 270 ml","5,69 €  21,07 €/l "
8833,"Dušigeel 2in1 Sensitive, HEAD & SHOULDERS, 270 ml","5,69 €  21,07 €/l "
8834,"Dušigeel 2in1 Sport, HEAD & SHOULDERS, 270 ml","5,69 €  21,07 €/l "
8835,"Dušigeel ja šampoon lastele, FROSCH, 300 ml","2,49 €  8,30 €/l "
8836,"Raseerija Xtreme3 Beauty Eco Green, WILKINSON SWORD, 4tk","5,49 €  1,37 €/tk "
8837,"Vedelseep Yoghurt Aloe Vera, FA, 250 ml","2,19 €  8,76 €/l "
8838,"Vedelseep Hygiene&Fresh Orange, FA, 250 ml","2,19 €  8,76 €/l "
8839,"Vedelseebi täide Yoghurt Aloe Vera, FA, 500 ml","2,39 €  4,78 €/l "
8840,"Tükiseep Yoghurt Aloe Vera, FA, 90 g","0,65 €  7,22 €/kg "
8841,"Tükiseep Yoghurt Sensitive, FA, 90 g","0,65 €  7,22 €/kg "
8842,"Palsam Olive oil, NATURE BOX, 385 ml","6,99 €  18,16 €/l "
8843,"Spreipalsam Olive oil, NATURE BOX, 200 ml","6,99 €  34,95 €/l "
8844,"Püsivärv Intensive Color V5 Intensiivne Lilla, PALETTE, 1 tk","4,19 €  4,19 €/tk "
8845,"Püsivärv 5-5 tume tuhkpruun, SYOSS, 1 tk","6,49 €  6,49 €/tk "
8846,"Juukselakk 2Sexy Volumizing, GOT2B, 300 ml","5,99 €  19,97 €/l "
8847,"Juukselakk Glued, GOT2B, 300 ml","5,99 €  19,97 €/l "
8848,"Püsivärv 4-15 tuhm kroom, SYOSS, 1 tk","6,49 €  6,49 €/tk "
8849,"Deodorant Fresh&Dry Peoney Sorbet, FA, 150 ml","3,39 €  22,60 €/l "
8850,"Pulkdeodorant Fresh&Dry Peony Sorbet, FA, 50 g","3,39 €  67,80 €/kg "
8851,"Näokreem Care toitev, NIVEA, 100 ml","4,99 €  49,90 €/l "
8852,Dušigeel Naturals Pure Pomegrana,"3,29 €  13,16 €/l "
8853,Dušigeel Naturals Pure Coconut,"3,29 €  13,16 €/l "
8854,"Kreem Creme&Soft, NIVEA, 200 ml","5,99 €  29,95 €/l "
8855,"Geeldeodorant Invisible Dry, LADY SPEED STICK, 65 g","3,49 €  53,69 €/kg "
8856,"Kehapiim Intensive 7 Days rohelise teega, GARNIER, 400 ml","7,49 €  18,73 €/l "
8857,"Vanni-dušigeel Kids Bubble Gum, ZIAJA, 500 ml","3,59 €  7,18 €/l "
8858,"Rulldeodorant Men Expert Carbon, L´OREAL, 50 ml","3,69 €  73,80 €/l "
8859,"Tükiseep Aloe, SAFEGUARD, 90 g","0,69 €  7,67 €/kg "
8860,"Raseerija Venus + 2 tera, GILLETTE, 1 tk","8,49 €  8,49 €/tk "
8861,"Kehavõi Hemp Me!, REVUELE, 300 ml","5,99 €  19,97 €/l "
8862,"Solaariumikreem Sunset Time, SOLAARIUMIKREEM, 150 ml","9,99 €  66,60 €/l "
8863,"Ninapuhastusplaastrid söega 6tk, T-ZONE, 6 tk","3,99 €  3,99 €/tk "
8864,"Jalakreem Niisutav, LJ&G, 100 g","4,99 €  49,90 €/kg "
8865,"Ihupiim aaloega Naturally Good, NIVEA, 350 ml","8,99 €  25,69 €/l "
8866,"Ihupiim kaeraga Naturally Good, NIVEA, 350 ml","8,99 €  25,69 €/l "
8867,"Ihupiim kuivale nahale, NIVEA, 250 ml","5,49 €  21,96 €/l "
8868,"Rulldeodorant Elixir Sensitive naistele, NIVEA, 40 ml","4,29 €  107,25 €/l "
8869,"Kehakoorija Apelsin, SIGNE SEEBID, 200g","8,99 €  44,95 €/kg "
8870,"Niisked antibakteriaalsed salvrätid kummeliga, AURA, 20 tk","0,59 €  0,03 €/tk "
8871,"Vatitikud Bambus, NORMAL CLINIC, 300 tk","1,29 €  0,00 €/tk "
8872,"Dušigeel Yogurt Aloe Vera, FA, 400ml","3,39 €  8,48 €/l "
8873,"Kangamask Red Ginseng Essence, ESFOLIO, 1 tk","0,99 €  0,99 €/tk "
8874,"Kangamask Snail Essence, ESFOLIO, 1 tk","0,99 €  0,99 €/tk "
8875,"Kangamask Aloe Essence, ESFOLIO, 1 tk","0,99 €  0,99 €/tk "
8876,"Kangamask Pearl Essence, ESFOLIO, 1 tk","0,99 €  0,99 €/tk "
8877,"Kangamask Bird's Nest Essence, ESFOLIO, 1 tk","0,99 €  0,99 €/tk "
8878,"Näopuhastusvaht Hyaluronic Aloe, GARNIER, 150 ml","6,49 €  43,27 €/l "
8879,"Mitsellaarvesi Hyaluronic Aloe, GARNIER, 400 ml","8,99 €  22,48 €/l "
8880,"Bambusest vatitikud topsis, NORMAL CLINIC, 200 tk","1,09 €  0,01 €/tk "
8881,"Kollageen Liigestele, BOOST YOURSELF, 300 g","14,99 €  49,97 €/kg "
8882,"Geel-kreem Hyaluronic Aloe Jelly kuivale ja tundlikule nahale, GARNIER, 50 ml","6,49 €  129,80 €/l "
8883,Tulbikimp 7 õiega,"4,99 €  4,99 €/tk "
8884,"Lehträtikud Blossom, 2-kihiline, GRITE, 120 tk","1,29 €  0,01 €/tk "
8885,"Tualettpaber Delux Pure White, 3, ZEWA, 16 rl","7,99 €  0,50 €/rl "
8886,"Lehträtikud, 2-kihiline, SERLA, 100 tk","0,99 €  0,01 €/tk "
8887,"Majapidamispaber XXL, SERLA, 1 rl","3,99 €  3,99 €/rl "
8888,"Küpsetuspaberi rull 38cmx8m, SELVER, 1 tk","0,99 €  0,99 €/tk "
8889,"HULGI Lehträtid 8x135, SERLA, 8x135tk","9,99 €  0,01 €/tk "
8890,"Nõudepesumasina tabletid, SELVER, 26 tk","2,99 €  0,12 €/tk "
8891,"Nõudepesumasina tabletid All-in-1, FINISH, 63 tk","8,99 €  0,14 €/tk "
8892,"Nõudepesuvah.Balsam Aloe Vera, PUR, 450 ml","0,79 €  1,76 €/l "
8893,"Pesugeel Sensitive, MAYERI, 1,5 l","3,99 €  2,66 €/l "
8894,"Tualettpaber Deluxe Pure White, ZEWA, 8 rl","3,99 €  0,50 €/rl "
8895,"Pesugeelikapslid All- Care Color, MAYERI, 36 tk","9,99 €  0,28 €/tk "
8896,"Pesugeel Black, WOOLITE, 1,8 l","3,99 €  2,22 €/l "
8897,"Pesugeel Color, WOOLITE, 1,8 l","3,99 €  2,22 €/l "
8898,"Toidukile 29cmx30m, SELVER, 1 tk","0,99 €  0,99 €/tk "
8899,"Torupuhastusvahend, TORUSIIL, 1 l","1,29 €  1,29 €/tk "
8900,"WC-värskendaja DeLuxe Magnolia, BREF, 100 g","2,99 €  29,90 €/kg "
8901,"Nööritav prügikott LD 35l, 560x600, MCLEAN, 15tk/rull","1,49 €  0,10 €/tk "
8902,"Lehträtikud Easy Standard, 2-kihiline, ZEWA, 120 tk","1,59 €  0,01 €/tk "
8903,"Aiamaa Must Muld Pluss, BIOLAN, 50 l","3,59 €  3,59 €/tk "
8904,"Majapidamispaber Klassik Jumbo, 2-kihiline, ZEWA, 1 rl","3,29 €  3,29 €/tk "
8905,"Kalmuküünal kaanega 35h, BOLSIUS, 1 tk","0,89 €  0,89 €/tk "
8906,"Küpsetuspaber leht 38x42cm, SELVER, 20 tk","1,59 €  0,08 €/tk "
8907,"Nõudepesusvammid, SELVER, 10 tk","0,69 €  0,07 €/tk "
8908,"Majapidamispaber Orchidea Gold 3-kihiline, GRITE, 1 rl","1,79 €  1,79 €/rl "
8909,"Potinartsiss Tete a tete, 10cm potis, kollane","1,99 €  1,99 €/tk "
8910,"Paberkäterätt Nature Lover, ZEWA, 4 rl","2,69 €  0,67 €/rl "
8911,"Tualettpaber, 4-kihiline, LAMBI, 6 rl","4,19 €  0,70 €/rl "
8912,"Prügikotid 60l, MCLEAN, 10 tk","1,69 €  0,17 €/tk "
8913,"Prügikotid sulguriga 35l, MCLEAN, 15 tk","1,19 €  0,08 €/tk "
8914,"Väikelapp, WETTEX, 1 tk","0,79 €  0,79 €/tk "
8915,"Svammlapid niisutatud, SELVER, 3 tk","1,19 €  0,40 €/tk "
8916,"Foolium 29cmx10m, SELVER, 1 tk","1,29 €  0,13 €/m "
8917,"Tualettpaber Soft Embo, 3-kihili, ZEWA, 8 rl","4,29 €  0,54 €/rl "
8918,"Tualettpaber Nature Lover, 3-kihiline, ZEWA, 8 rl","3,29 €  0,41 €/rl "
8919,"Svammid Tip-Top, VILEDA, 3 tk","1,39 €  0,46 €/tk "
8920,"Tualettpaber Orchidea Gold, 3-kihiline, GRITE, 8 rl","3,49 €  0,44 €/rl "
8921,"Tualettpaber Soft Embo, 3-kihiline, hulgipakend, ZEWA, 40 rl","15,99 €  0,40 €/tk "
8922,"Must muld, BIOLAN, 5l","0,39 € 19,50 €/kg "
8923,"Üldpuhastusvahend desinfitseeriv, SANYTOL, 500 ml","2,79 €  5,58 €/l "
8924,"Majapidamispaber Design, ZEWA, 4 rulli","3,19 €  0,80 €/rl "
8925,"Pesugeel Sensitive Color, MAYERI, 1,5 l","4,69 €  3,13 €/l "
8926,"Tualettpaber, 3-kihiline, LAMBI, 12 rl","5,59 €  0,47 €/rl "
8927,"Küpsetuspaberi lehed 38x42cm, SMILE, 16 tk","1,59 €  0,10 €/tk "
8928,"Majapidamispaber Big, LAMBI, 1 rl","4,29 €  4,29 €/tk "
8929,"Nõudepesuvahend Sensitive, MAYERI, 1 l","1,59 €  1,59 €/l "
8930,"Prügikott 9l, 310x380, MCLEAN, 50tk/rull","0,69 €  0,01 €/tk "
8931,"Küürimissvammid, SELVER, 3 tk","0,69 €  0,23 €/tk "
8932,"Nõudepesuvahend Sensitive, MAYERI, 500 ml","0,99 €  1,98 €/l "
8933,"Nõudepesuvahend Lemon, FAIRY, 450 ml","1,29 €  2,87 €/l "
8934,"Hauaküünal 36h, HANSA CANDLE, 1 tk","0,69 €  0,69 €/tk "
8935,"Lehträtikud Ecological, 2-kihiline, GRITE, 150 tk","1,29 €  0,01 €/tk "
8936,"Lehträtikud, 2-kihiline, SERLA, 135 tk","1,89 €  0,01 €/tk "
8937,"Puhastuslapid, VILEDA, 3 tk","2,99 €  1,00 €/tk "
8938,"Tualettpaber Blossom 3-kihiline 150 lehte, GRITE, 8 rl","3,29 €  0,41 €/rl "
8939,"Komplekt kahvel+salvrätt, BIO,","0,15 €  0,15 €/tk "
8940,"Süütepakend Fire-Up, FIRE-UP, 72 tk","2,99 €  0,04 €/tk "
8941,"Majapidamispaber Wisch&Weg Design, ZEWA, 2 rl","3,79 €  1,90 €/rl "
8942,"Kilekotid sangadega, läbip. 5l, MCLEAN, 40 tk","0,69 €  0,02 €/tk "
8943,"Majapidamislapid universaalsed, SELVER, 3 tk","0,69 €  0,23 €/tk "
8944,"Majapidamispaber Wisch&Weg, ZEWA, 4 rl","3,79 €  0,95 €/rl "
8945,"Nõudepesumasina sool, FINISH, 1,5 kg","2,99 €  1,99 €/kg "
8946,"Niisked tualettpaberid Pure, ZEWA, 42 tk","1,99 €  0,05 €/tk "
8947,"Nõudepesumasina tabletid, ORO GREEN, 40 tk","6,29 €  0,16 €/tk "
8948,"Tualettpaber Orchidea valge 3-kihiline 170 lehte, GRITE, 16 rl","6,99 €  0,44 €/tk "
8949,"Tualettpaber Family 3-kihiline, GRITE, 8 rl","2,65 €  0,33 €/rl "
8950,"Prügikotid 30l, MCLEAN, 30 tk","2,19 €  0,07 €/tk "
8951,"Pesugeel Spordiriietele, MAYERI, 1,5 l","4,99 €  3,33 €/l "
8952,"Majapidamisseep, FLORA, 185 g","0,79 €  4,27 €/kg "
8953,"Majapidamispaber, SERLA, 4 rl","2,59 €  0,65 €/rl "
8954,"Prügikotid 25l, MCLEAN, 40 tk","1,19 €  0,03 €/tk "
8955,"Pakkekott sangadega, 250 tk","1,39 €  0,01 €/tk "
8956,"Tualettpaber Nature Lover, 3-kihiline, ZEWA, 16 rl","4,29 €  0,27 €/rl "
8957,"Katlakivieemaldaja, MAYERI, 500 ml","1,19 €  2,38 €/l "
8958,"Kummikindad M, MCLEAN, 1 paar","0,69 €  0,69 €/tk "
8959,"Nõudepesumasina tabletid, TRI-BIO, 25 tk","7,99 €  0,32 €/tk "
8960,"Nõudepesuvahend looduslik, TRI-BIO, 420 ml","2,39 €  5,69 €/l "
8961,"Toidukile 29cmx60m, SMILE, 1 tk","1,89 €  0,03 €/m "
8962,"Nõudepesuvahend Lemon, FAIRY, 900 ml","2,49 €  2,77 €/l "
8963,"Puhastuslapid desinfitseeriv niisutatud universaalsed, SANYTOL, 72 tk","2,99 €  0,04 €/tk "
8964,"Foolium 30cmx20m, SERLA, 1 tk","2,39 €  0,12 €/m "
8965,"WC-puhastusvahend Citrus, DOMESTOS, 750 ml","2,39 €  3,19 €/l "
8966,"Nõudepesumasina tabletid Quantum Max Lemon, FINISH, 36 tk","14,99 €  0,42 €/tk "
8967,"WC-värskendaja Power Aktiv Blue Eucalypt, BREF, 2x50 g","3,19 €  31,90 €/kg "
8968,"Hüatsint potis, erinevad värvid","1,99 €  1,99 €/tk "
8969,"Tualettpaber Deluxe, 3-kihiline, ZEWA, 4 rl","1,99 €  0,50 €/rl "
8970,"Niisked tualettpaberid Aloe Vera, ZEWA, 42tk","1,99 €  0,05 €/tk "
8971,"Svammid Rainbow, VILEDA, 10 tk","1,99 €  0,20 €/tk "
8972,"Külvi ja pikeerimismuld, BIOLAN, 12l","1,99 €  0,17 €/l "
8973,"Nõudepesuvahend Apple, FAIRY, 450 ml","1,29 €  2,87 €/l "
8974,"Pesupulber Sensitive color, MAYERI, 2 kg","5,99 €  3,00 €/kg "
8975,"Perforeeritud puhastuslapid, 38x38cm, SELVER, 5 tk","0,99 €  0,20 €/tk "
8976,"Prügikotid 75l, MCLEAN, 10 tk","1,69 €  0,17 €/tk "
8977,"Klaasipesuvahend Sensitive, MAYERI, 500 ml","2,59 €  18,50 €/kg "
8978,"Õli-kalmuküünal 60h, BOLSIUS, 1 tk","0,79 €  0,79 €/tk "
8979,"Pesuloputusvahend Sensitive, MAYERI, 750 ml","2,19 €  2,92 €/l "
8980,"Süütekuubikud ökoloogilised, HOT, 32 tk","0,99 €  0,03 €/tk "
8981,"Nõudepesumasina puh.vahend Lemon, FINISH, 250 ml","6,29 €  25,16 €/l "
8982,"Prügikotid 150l, MCLEAN, 10 tk","2,19 €  0,22 €/tk "
8983,"Söögitarvikute komplekt (kahvel, salvrätik), SELVER, 1 kmpl","0,12 €  0,12 €/tk "
8984,"Puhastusvahend nõudepesumasinale, FINISH, 250 ml","6,29 €  25,16 €/l "
8985,"Alumiiniumfoolium 29cmx10m, SMILE, 1 tk","1,69 €  0,17 €/m "
8986,"Pesugeel Colour Wash Sensitive Skin 20 pk, NEUTRAL, 1 l","7,99 €  7,99 €/l "
8987,"Massaazisvamm, CASATREND, 1 tk","0,69 €  0,69 €/tk "
8988,"Tualettpaber Deluxe Art, 3-kihiline, ZEWA, 8 rl","3,99 €  0,50 €/rl "
8989,"Nõudepesumasina tabletid All in 1 vesilahustuvas kiles, MAYERI, 40 tk","8,49 €  0,21 €/tk "
8990,"WC-puhastusvahend Lemon, CILLIT, 500+250 ml","2,19 €  2,92 €/l "
8991,"Plekieemaldusseep sapiga, FLORA, 90 g","0,79 €  8,78 €/kg "
8992,"Lehträtikud Wisch&Weg Quick, ZEWA, 75 tk","1,69 €  0,02 €/tk "
8993,"Destilleeritud vesi, MAYERI, 1 l","0,99 €  0,99 €/tk "
8994,"Kummikindad L, MCLEAN, 1 paar","0,69 €  0,69 €/tk "
8995,"Nõudepesumasina sool, ORO, 2 kg","1,99 €  1,00 €/kg "
8996,"Alumiiniumfoolium 29cmx20m, SMILE, 1 tk","2,19 €  0,11 €/m "
8997,"Tualettpaber Just1, 5-kihiline, ZEWA, 6 rl","5,99 €  1,00 €/rl "
8998,"Tualettpaber, 3-kihiline, LAMBI, 8 rl","3,99 €  0,50 €/rl "
8999,"Patareid Everyday Power AAA, PANASONIC, 6+2 tk","3,19 €  0,40 €/tk "
9000,"Küpsetuspaber 38cmx10m, SAGA, 1 tk","1,99 €  0,20 €/m "
9001,"Nõudepesumasina tabletid Premium All in 1, MULIERES, 25 tk","6,99 €  0,28 €/tk "
9002,"Majapidamispaber Jumbo, 2-kihiline, KLEENEX, 1 rl","5,49 €  5,49 €/rl "
9003,"Tualettpaber, niisutatud täitepakk, KLEENEX, 42 tk","1,89 €  0,05 €/tk "
9004,"Tualettpaber Camomilla, 3-kihili, REGINA, 8 rl","3,49 €  0,44 €/rl "
9005,"Nõudepesuvahend Aloe Vera, FROSCH, 500 ml","1,59 €  3,18 €/l "
9006,"Nõudepesumasina kapslid All in 1 Platinum Lemon, FAIRY, 37 tk","14,99 €  0,41 €/tk "
9007,"Geel-torupuhasti, PUHAS KODU, 500 ml","1,89 €  3,78 €/l "
9008,"Pesupulber Sensitive, MAYERI, 2 kg","5,99 €  3,00 €/kg "
9009,"Tualettpaber Ekstralong, 3-kihiline, LAMBI, 4 rl","2,69 €  0,67 €/rl "
9010,"Küpsetuspaberi lehed 24tk, SERLA, 38x43 cm","1,89 €  0,08 €/tk "
9011,"Alumiiniumfoolium 45cmx10m, SMILE, 1 tk","2,49 €  0,25 €/m "
9012,"Nõudepesuvahend Hand Balsam, MAYERI, 500 ml","0,99 €  1,98 €/l "
9013,"Üldpuhastuvahend Sensitive, MAYERI, 500 ml","1,59 €  3,18 €/l "
9014,"Aktiivkiuga puhastuslapp, 29x29cm, VILEDA, 1 tk","2,49 €  2,49 €/tk "
9015,"Prügikott 100l, 710x1150, MCLEAN, 10tk/rull","2,19 €  0,22 €/tk "
9016,"Biolagunevad prügikotid, 20l, MCLEAN, 10 tk","1,99 €  0,20 €/tk "
9017,"Tualettpaber, 3-kihiline, SERLA, 16 rl","6,59 €  0,41 €/rl "
9018,"Küpsetuskotid 25x38cm, SMILE, 8 tk","1,19 €  0,15 €/tk "
9019,"Puhastuskreem Lemon, CIF, 300 g","1,59 €  5,30 €/kg "
9020,"Krobeline nöudesvamm Pur Active, VILEDA, 2 tk","2,29 €  1,15 €/tk "
9021,"Pajapesusvammid Glitzi, VILEDA, 2 tk","1,79 €  0,90 €/tk "
9022,"Patareid Everyday Power AA, PANASONIC, 6+2 tk","3,19 €  0,40 €/tk "
9023,"Klaasipuhastusvahend AntiFog, CLIN, 500 ml","2,29 €  4,58 €/l "
9024,"Teeküünal, HANSA CANDLE, 50 tk","2,59 €  0,05 €/tk "
9025,"Nõudepesuvahend Orange, FAIRY, 450 ml","1,29 €  2,87 €/l "
9026,"Patareid Basic AA, DURACELL, 4 tk","3,59 €  0,90 €/tk "
9027,"Tualettpaber 3-kihiline, SERLA, 8 rl","3,39 €  0,42 €/rl "
9028,"WC-loputuskastid tabletid Meri, KOLORADO, 2 tk","1,29 €  0,65 €/tk "
9029,"Kummikindad XL, MCLEAN, 1 paar","0,69 €  0,69 €/tk "
9030,"Küpsetuskotid 35x43cm, SMILE, 5 tk","1,19 €  0,24 €/tk "
9031,"Pesuloputusvahend, NEUTRAL, 1 l","3,29 €  3,29 €/l "
9032,"Kahvlid ühekordsed, SMILE, 25 tk","0,75 €  0,03 €/tk "
9033,"WC-poti puhastusvahend Citrus, HARPIC, 750 ml","2,99 €  3,99 €/l "
9034,"Tualettpaber Camomilla, 3-kihili, REGINA, 4 rl","1,79 €  0,45 €/rl "
9035,"Pesuvalgendaja Regular, ACE, 1 l","1,29 €  1,29 €/l "
9036,"Kahvlid biolagunevad, SELVER, 25 tk","1,69 €  0,07 €/tk "
9037,"Jääkuubikukott, SELVER, 10tk","0,69 €  0,07 €/tk "
9038,"Küpsetuspaber Top Quality 38cmx20m, SMILE, 1 tk","2,49 €  0,12 €/m "
9039,"Roheline seep, MAYERI, 500 ml","1,79 €  3,58 €/l "
9040,"Nõudepesuhari, MCLEAN, 1 tk","1,49 €  1,49 €/tk "
9041,"Nõudepesumasina loputusvahend, FINISH, 400 ml","3,99 €  9,98 €/l "
9042,"WC värskendaja Power Aktiv Lemon, BREF, 2x50 g","2,89 €  28,90 €/kg "
9043,"Prügikotid 250l, MCLEAN, 10 tk","3,49 €  23,27 €/kg "
9044,"Komplekt supilusikas+salvrätt, ,","0,10 €  0,10 €/tk "
9045,"Pesuloputusvahend Gold Orchid 25 pk, LENOR, 750 ml","2,79 €  3,72 €/l "
9046,"WC-värskendaja Pine, DOMESTOS, 40 g","1,49 €  37,25 €/kg "
9047,"Majapidamisseep 72%, AIST, 150 g","0,49 €  3,27 €/kg "
9048,"Aknapuhastusvahend Optimal 7 Cristal Super Effect Trigger, AJAX, 500 ml","2,29 €  4,58 €/l "
9049,"Pesupulber Sensitive, MAYERI, 400 g","1,39 €  3,48 €/kg "
9050,"Tualettpaber Deluxe, 3-kihiline, ZEWA, 8 rl","3,99 €  0,50 €/rl "
9051,"Nõudepesuvahend Sensitive Tea Tree, FAIRY, 450 ml","1,29 €  2,87 €/l "
9052,"Vannitoapuhastusvahend desinfitseeriv, SANYTOL, 500 ml","2,79 €  5,58 €/l "
9053,"Kummikindad Sensitive M, VILEDA, 1 paar","2,79 €  2,79 €/tk "
9054,"Aknapuhastusvahend Optimal 7 Multi Action Trigger, AJAX, 500 ml","0,89 €  22,82 €/kg "
9055,"Puhastusvahend puit-ja laminaat, PLEDGE, 500 ml","2,59 €  5,18 €/l "
9056,"Puhastusvahend Sanit-M happeline, ORTO, 500 ml","0,99 €  1,98 €/l "
9057,"Puhastuskreem Lemon Cream, CIF, 540 g","2,59 €  4,80 €/kg "
9058,"Pesuloputusvahend Sensitive, LENOR, 930 ml","2,79 €  3,00 €/l "
9059,"WC-poti puhastusvahend Original, HARPIC, 750 ml","2,19 €  2,92 €/l "
9060,"Majapidamispaber Klassik, 2-kihiline, ZEWA, 2 rl","1,49 €  0,75 €/rl "
9061,"Värvipüüdja, VANISH, 10 tk","3,49 €  0,35 €/tk "
9062,"Pesugeel Wool & Delicates, PERWOLL, 900 ml","4,59 €  5,10 €/l "
9063,"Patareid Basic AAA, DURACELL, 4 tk","3,59 €  0,90 €/tk "
9064,"Nõudepesumasina tabletid All-in-1 Max, FINISH, 20 tk","8,49 €  0,42 €/tk "
9065,"Torupuhastusvahend, ORTO, 500 ml","0,99 €  1,98 €/l "
9066,"Grillialused alumiiniumist, ELISE, 4 tk","1,79 €  0,45 €/tk "
9067,"Pesupulber BioEst Color, FLORA, 400 g","1,59 €  3,98 €/kg "
9068,"Nõudepesumasina sool Salz Machin, SOMAT, 1.5 kg","2,59 €  1,73 €/kg "
9069,"WC värskendaja Power Aktiv Pine, BREF, 2x50 g","2,89 €  28,90 €/kg "
9070,"Nõudepesuvahend Sensitive Chamomile, FAIRY, 450 ml","1,29 €  2,87 €/l "
9071,"Kokteilitikud toosis, RAVI, 320 tk","1,29 €  0,00 €/tk "
9072,"Bambustikud 40cm, ELISE, 50 tk","0,79 €  0,02 €/tk "
9073,"Nõudepesumasina sool, FINISH, 4 kg","6,49 €  1,62 €/kg "
9074,"Nõudepesumasina tabletid all in 1 sooda, FROSCH, 30 tk","6,99 €  0,23 €/tk "
9075,"Kummikindad S, MCLEAN, 1 paar","0,69 €  0,69 €/tk "
9076,"Nõudepesuvah.Balsam Hands&Nails, PUR, 450 ml","1,09 €  2,42 €/l "
9077,"Pesugeel Color 28 pesukorda, MINI RISK, 1 l","7,59 €  7,59 €/l "
9078,"Tualettpaber Soft, 4-kihiline, ZEWA, 4 rl","3,19 €  0,80 €/tk "
9079,"Värvi- ja mustusekogumise lapid masinpesuks, DR.BECKMANN, 22 tk","4,99 €  0,23 €/tk "
9080,"Taldrikud ühekordsed 18cm, SMILE, 25 tk","0,99 €  0,04 €/tk "
9081,"Klaasipuhastusvahend, CLIN, 500 ml","1,99 €  3,98 €/kg "
9082,"Pesugeel Sensitive, PERSIL, 2 l","10,99 €  5,50 €/l "
9083,"Õhuvärskendaja täide, GLADE, 10 ml","2,49 €  249,00 €/l "
9084,"Prügikotid 18l, MCLEAN, 40 tk","0,99 €  0,02 €/tk "
9085,"Tualettpaber, 3-kihiline, SERLA, 8 rl","2,99 €  0,37 €/rl "
9086,"Tordivulkaanid, RUF, 2 tk","1,79 €  0,90 €/tk "
9087,"Majapidamispaber Charisma Jumbo, 3-kihiline, GRITE, 1 rl","3,99 €  3,99 €/rl "
9088,"WC värskendaja Power Aktiv Lavender, BREF, 2x50 g","2,79 €  27,90 €/kg "
9089,"Toidukile 29cmx30m, SMILE, 1 tk","1,39 €  0,05 €/m "
9090,"Pesugeel Sensitive 40 pk, ARIEL, 2,2 l","10,99 €  5,00 €/l "
9091,"Küpsetuskotid 45x55cm, SMILE, 2tk","0,89 €  0,45 €/tk "
9092,"WC-puhastusvahend Pine Fresh, DOMESTOS, 750 ml","2,39 €  3,19 €/l "
9093,"Pesuloputusvahend Spring Awakening 31 pk, LENOR, 930 ml","2,79 €  3,00 €/l "
9094,"Pesugeel Renew Black & Fiber, PERWOLL, 900 ml","4,59 €  5,10 €/l "
9095,"Nõudepesukapslid All in 1 Lemon, FAIRY, 60 tk","19,99 €  0,33 €/tk "
9096,"Värvipüüdja, VANISH, 32 tk","5,99 €  0,19 €/tk "
9097,"Patareid Basic AA, DURACELL, 8 tk","6,99 €  0,87 €/tk "
9098,"Torupuhastusvahend, TIRET, 500 ml","3,59 €  7,18 €/l "
9099,"WC värskendaja Power 5 Ocean, DOMESTOS, 55x2 g","2,79 €  25,36 €/kg "
9100,"Nõudep.masina loputusvahend, FINISH, 800 ml","6,19 €  7,74 €/l "
9101,"Nõudepesumasina loputusvahend Max Lemon, FINISH, 800 ml","6,19 €  7,74 €/l "
9102,"Nõudepesuvahend Cranberry, MAYERI, 500 ml","0,99 €  1,98 €/l "
9103,"WC-värskendaja Pro Nature Mint, BREF, 100 g","3,19 €  31,90 €/kg "
9104,"Pesuloputusvahend Almond Milk, FROSCH, 750 ml","1,79 €  2,39 €/l "
9105,"Söebrikett, MINU, 2 kg","3,49 €  1,75 €/kg "
9106,"Teeküünal, HANSA CANDLE, 20 tk","1,19 €  0,06 €/tk "
9107,"Üldpuhastusvahend Floral Fiesta, AJAX, 1 l","2,49 €  2,49 €/l "
9108,"Papptaldrikud 22cm, HUHTAMAKI, 50 tk","5,99 €  0,12 €/tk "
9109,"Plekieemaldaja Regular, VANISH, 1 l","5,49 €  5,49 €/l "
9110,"Prügikotid biolagunevad 10l, BIOBAG, 20 tk","3,99 €  0,20 €/tk "
9111,"Pesugeel Aloe Vera, FROSCH, 1,5 l","5,99 €  3,99 €/l "
9112,"Nõudepesumasina tabletid All in 1 Extra, SOMAT, 45 tk","14,99 €  0,33 €/tk "
9113,"Riidepuhastusrullide varu, VILEDA, 1 tk","3,79 €  3,79 €/tk "
9114,"Keraamilise- ja induktsioonpliidi puhastusvahend sidruniga, FROSCH, 300 ml","2,59 €  8,63 €/l "
9115,"Tordiküünlad, HERLITZ, 12 tk","1,19 €  1,19 €/tk "
9116,"WC-geel Lemonitta Power, BREF, 700 ml","2,19 €  3,13 €/l "
9117,"Toitepulgad (Organic), BIOLAN, 60tk","2,79 €  0,05 €/tk "
9118,"Jääkuubikukotid Easy Release, SMILE, 10 tk","0,99 €  0,04 €/tk "
9119,"Puitbrikett kilepakendis, 10 kg","3,49 €  0,35 €/kg "
9120,"Säilituskarbid, SPINO, 5x350ml","0,69 €  0,14 €/tk "
9121,"Duo-geelkapslid Color 28 pesukorda, PERSIL, 28 tk","10,99 €  0,39 €/tk "
9122,"Noad biolagunevad, SELVER, 25 tk","1,39 €  0,06 €/tk "
9123,"Puhastusvahend Magic universiaal, CILLIT, 450 ml","2,29 €  5,09 €/l "
9124,"Nõudepesuvahend Sensitiiv, FROSCH, 500 ml","1,59 €  3,18 €/l "
9125,"Koitõrjeplaat Lavendel riputatav, BROS, 1 tk","1,69 €  1,69 €/tk "
9126,"WC-värskendaja Power Aktiv Blue Eucalypt, BREF, 50 g","1,99 €  39,80 €/kg "
9127,"Salvrätikud, 2-kihilised 25x25cm, SMILE, 20 tk","1,19 €  0,06 €/tk "
9128,"Pesugeel White Wash Sensitive Skin 20 pk, NEUTRAL, 1 l","7,99 €  7,99 €/l "
9129,"Puhastusvahend pesumasinatele, DR.BECKMANN, 250 ml","3,99 €  15,96 €/l "
9130,"Majapidamisküünal 17x2,15cm, HANSA CANDLE, 10 tk","1,99 €  0,20 €/tk "
9131,"Süütevedelik parafiinipõhine Hot, MAYERI, 1 l","2,49 €  2,49 €/l "
9132,"Orhideede kasvustimulaator, SUBSTRAL, 30ml","3,99 €  17,81 €/kg "
9133,"WC-värskendaja Pine täide, DOMESTOS, 40 g","0,99 €  24,75 €/kg "
9134,"Veepehmendi geel, CALGON, 750 ml","7,49 €  9,99 €/l "
9135,"WC-värskendaja Power Aktiv Blue Fresh Flowers (Blue Water), BREF, 50 g","1,99 €  39,80 €/kg "
9136,"Puhastuvahend vannitubadele, CILLIT, 750 ml","5,59 €  7,45 €/l "
9137,"Pesugeel Renew Color & Fiber, PERWOLL, 900 ml","4,59 €  5,10 €/l "
9138,"WC-värskendaja Blue Aktiv Fresh Flower, BREF, 2x50 g","3,19 €  31,90 €/kg "
9139,"Reservrull, MARISABLUE, 2 tk","1,99 €  1,00 €/tk "
9140,"Nõudepesumasina tabletid All-in-1 Max Lemon, FINISH, 42 tk","14,99 €  0,36 €/tk "
9141,"Tulesüütaja, BIC, 1 tk","3,49 €  3,49 €/tk "
9142,"Pesuloputusvahend Aloe Vera, FROSCH, 750 ml","1,79 €  2,39 €/l "
9143,"Pesugeel Black&Dark Wash, MAYERI, 1 l","4,29 €  4,29 €/l "
9144,"Nõudepesumasina tabletid Quantum Max Apple, FINISH, 36 tk","14,99 €  0,42 €/tk "
9145,"Taldrik biolagunev 22cm, SELVER, 25 tk","2,69 €  0,11 €/tk "
9146,"Pesupulber Color 4 pesukorda, ARIEL, 300 g","1,69 €  5,63 €/kg "
9147,"Asalea potis,12cm","10,99 €  10,99 €/tk "
9148,"Plekieemaldi sapiga, FLORA, 200 ml","2,99 €  14,95 €/l "
9149,"Õhuvärskendaja One Touch Relaxing Zen täide, GLADE, 10 ml","2,49 €  2,49 €/tk "
9150,"Sipelgapulber, BROS, 100 g","3,49 €  34,90 €/kg "
9151,"Puhastustabletid espressomasinal, JURA, 6 tk","9,99 €  1,67 €/tk "
9152,"Nõudepesumasina puhastustabletid, FINISH, 3 tk","6,29 €  2,10 €/tk "
9153,"Nõudepesumasina loputusvahend, MAYERI, 750 ml","3,49 €  4,65 €/l "
9154,"Kindad, nailon, mikropunktidega, TAMREX, 1pr/nr8","2,69 €  12,81 €/kg "
9155,"WC-geel Fresh Mist, BREF, 700 ml","2,19 €  3,13 €/l "
9156,"Köögipuhastusvahend Greip, FROSCH, 500 ml","2,49 €  4,98 €/l "
9157,"WC-poti puhastusvahend Max, HARPIC, 750 ml","2,99 €  3,99 €/l "
9158,"Puhastusvahend Kodin Putkimies, MR.MUSCLE, 1 l","2,49 €  2,49 €/l "
9159,"Puhastusvahend vannitoale, CIF, 500 ml","3,39 €  6,78 €/l "
9160,"WC-värskendaja Duo Aktiv Pine täide, BREF, 100 ml","2,99 €  29,90 €/l "
9161,"Pesugeelikapslid Sensitive, MAYERI, 36 tk","11,99 €  0,33 €/tk "
9162,"Pesugeel Color 40 pk, ARIEL, 2,2 l","10,99 €  5,00 €/l "
9163,"WC värskendaja DeLuxe Magnolia, BREF, 150 g","5,99 €  39,93 €/kg "
9164,"Puhastusrull, 24-kihti, SAUBER, 1 tk","1,19 €  1,19 €/tk "
9165,"Kehasvamm masseeriv liblikas, YORK, 1 tk","0,69 €  0,69 €/tk "
9166,"Pesupesemiskapslid Colour, NEUTRAL, 22 tk","10,99 €  0,50 €/tk "
9167,"Pesugeel granaatõun, FROSCH, 1,8 l","6,99 €  3,88 €/l "
9168,"Nõudepesumasina puhastusvahend, SOMAT, 3x20 g","5,69 €  94,83 €/kg "
9169,"Pesugeel Sensitive Color, MAYERI, 2 l","6,99 €  3,50 €/l "
9170,"Pesugeel Color, MAYERI, 1,5 l","4,69 €  3,13 €/l "
9171,"Õhuvärskendaja Pure Mediterian Sun aerosool, AIR WICK, 250 ml","4,19 €  16,76 €/l "
9172,"Plekieemaldaja Gold eelpesuks, VANISH, 200 ml","3,99 €  19,95 €/l "
9173,"Puhastusvahend kohvimasinale, ERES, 2 tk","1,29 €  0,65 €/tk "
9174,"Papptaldrikud 22 cm, SELVER, 25 tk","1,69 €  0,07 €/tk "
9175,"Pesugeel Sensitive, MAYERI, 2 l","6,99 €  3,50 €/l "
9176,"Õlletops 500ml, SELVER, 25 tk","1,79 €  0,07 €/tk "
9177,"Pesumasina puhastuspulber, DR.BECKMANN, 250 g","3,99 €  15,96 €/kg "
9178,"WC-värskendaja Atlantic geeliga, DOMESTOS, 40 g","1,49 €  37,25 €/kg "
9179,"Pesugeel Renew Color & Fiber, PERWOLL, 1,8 l","7,99 €  4,44 €/l "
9180,"Õhuvärskendaja Pure Cherry Blossom, AIR WICK, 250 ml","4,19 €  16,76 €/l "
9181,"Nailon kindad mikropunktidega, TAMREX, 1pr/nr10","6,99 €  34,95 €/kg "
9182,"Svammid Miraclean, VILEDA, 2 tk","2,59 €  1,30 €/tk "
9183,"Kiirgrill 600g, ELISE, 25x31 cm","2,69 €  2,69 €/tk "
9184,"Päikese Muld, BIOLAN, 5l","2,19 €  2,19 €/tk "
9185,"Veepehmendi tabletid, CALGON, 15 tk","7,49 €  0,50 €/tk "
9186,"Saunaviht Kask, SIPAKSON","3,99 €  3,99 €/tk "
9187,"Nõudepesumasina puhastusvedelik, ORO, 250ml","3,19 €  12,76 €/l "
9188,"Sapiseep, SONETT, 100 g","2,19 €  21,90 €/kg "
9189,"WC värskendaja Power Aktiv Lavender, BREF, 50 g","1,79 €  35,80 €/kg "
9190,"PP-pakketeip 50mm akrüül, TESA, 1 tk","2,39 €  0,04 €/m "
9191,"Topsid ühekordsed 200ml, SMILE, 25 tk","0,79 €  0,03 €/tk "
9192,"Pesuloputusvahend Baby, FROSCH, 750 ml","1,79 €  2,39 €/l "
9193,"Säilituskott, PACLAN, 15x1l","2,19 €  0,15 €/tk "
9194,"Geelkapslid Color, ARIEL, 33 tk","12,99 €  0,39 €/tk "
9195,"Säilituskarbid, SPINO, 5x500ml","0,69 €  0,14 €/tk "
9196,"Puhastusvahend keraam.pliidile, ERES, 500 ml","4,99 €  9,98 €/l "
9197,"Puhastuslapid Universaalsed, CASA CLEAN, 40 tk","1,39 €  0,03 €/tk "
9198,"Küünal+alus, SUSY CARD, 12 tk","1,69 €  0,14 €/tk "
9199,"Puhastusvahend vannitubadele Ultra Shine, CILLIT BANG, 750 ml","5,49 €  7,32 €/l "
9200,"Pesupulber Color, MINI RISK, 750 g","5,59 €  7,45 €/kg "
9201,"WC-poti värskenduspulgad, DOMESTOS, 5 tk","4,99 €  1,00 €/tk "
9202,"WC-poti puhastusvahend Max Sprin, HARPIC, 750 ml","2,99 €  3,99 €/l "
9203,"Puh.vahahend keraamil. pliidile, MR.MUSCLE, 150 ml","2,99 €  19,93 €/l "
9204,"Pesugeel White 28 pesukorda, MINI RISK, 1 l","7,59 €  7,59 €/l "
9205,"Jalatsisvamm Easy Shine, GOLD CARE, 1 tk","1,49 €  1,49 €/tk "
9206,"WC-geel Fresh Lime, DUCK, 36 ml","2,99 €  83,06 €/l "
9207,"Õhuvärskendaja One Touch Granaat, GLADE, 10 ml","2,49 €  2,49 €/tk "
9208,"WC värskendaja Power 5 Lime, DOMESTOS, 55x2 g","2,79 €  25,36 €/kg "
9209,"Õhuvärskendaja Difuuser White Flowers, AIR WICK, 25 ml","5,99 €  23,96 €/l "
9210,"Riidepuhastusrull, VILEDA, 1 tk","3,99 €  3,99 €/tk "
9211,"Puhastusrull tekstiilile, MARISABLUE,","1,19 €  1,19 €/tk "
9212,"WC puhastusgeel TotalHygiene Lime katlakivieemaldaja, DOMESTOS, 700 ml","2,99 €  4,27 €/l "
9213,"Säilituskott, PACLAN, 10x3l","2,19 €  0,22 €/tk "
9214,"Lusikad biolagunevad, SELVER, 25 tk","1,69 €  0,07 €/tk "
9215,"Pesuloputusvahendi kontsentraat, MINI RISK, 925 ml","3,59 €  3,99 €/l "
9216,"Jalatsipuhatuskäsn Easy Shine, GOLD CARE, 1tk","1,49 €  1,49 €/tk "
9217,"Geelkapslid Color, ARIEL, 14 tk","5,99 €  0,43 €/tk "
9218,"Nõudepesumasina kapslid Platinum Plus Yellow, FAIRY, 45 tk","19,99 €  0,44 €/tk "
9219,"Vormid alumiiniumfooliumist 850ml, ELISE, 6 tk","1,39 €  0,23 €/tk "
9220,"Nõudep.masina õhuvärsk.Deo Citrus, FINISH,","3,99 €  3,99 €/tk "
9221,"Pesumasina puhastusvahend, LANZA, 250 ml","3,99 €  15,96 €/l "
9222,"Nõudepesumasina geel All in One, MAYERI, 600 ml","6,99 €  11,65 €/l "
9223,"Vedelväetis taimedele, SUBSTRAL, 250 ml","7,49 €  17,22 €/kg "
9224,"Kindad mikropunktidega must, TAMREX, 1paar/nr7","3,49 €  13,96 €/l "
9225,"Hambatikud, HERLITZ, 250 tk","1,39 €  0,01 €/tk "
9226,"Torupuhastusvahend, graanulid, MAYERI, 500 g","2,39 €  4,78 €/kg "
9227,"Plekieemaldaja Oxy Action Regular, VANISH, 470 g","7,49 €  15,94 €/kg "
9228,"Üldpuhastuvahend Universaalne, AJAX, 750 ml","4,39 €  5,85 €/l "
9229,"Küürimisnuustik, TORO, 3 tk","0,69 €  0,23 €/tk "
9230,"Küürimispulber Lemon, AJAX, 450 g","1,39 €  3,09 €/kg "
9231,"Pesuloputusvahend Supreme Gold, SILAN, 600 ml","2,89 €  4,82 €/l "
9232,"Pesupulber Malaysian Orchid Color 18pk, REX, 1,17 kg","4,19 €  3,58 €/kg "
9233,"Kohvilusikad ühekordsed, SMILE, 25 tk","0,49 €  0,02 €/tk "
9234,"Veepehmendaja, CALGON, 1 kg","7,99 €  7,99 €/kg "
9235,"WC-värskendaja Atlantic täide, DOMESTOS, 40 g","0,99 €  24,75 €/kg "
9236,"LED pirn GLS A60, E27,60W, 7W, 806lum, 15000h, PHILIPS, 1 tk","3,99 €  3,99 €/tk "
9237,"Kindad mikropunktidega must, TAMREX, 1paar/nr9","14,49 €  48,30 €/kg "
9238,"Veepehmendaja, CALGON, 500 g","4,49 €  8,98 €/kg "
9239,"Kohvitopsid Säästö papist 180ml, HUHTAMAKI, 50 tk","4,29 €  0,09 €/tk "
9240,"Pesugeel Renew Black & Fiber, PERWOLL, 1,80 l","7,99 €  4,44 €/l "
9241,"Nõudepesuvahend mandariin Bio-Care, BIOMIO, 450 ml","2,69 €  5,98 €/l "
9242,"WonderGrip COMFORT latekskindad, TAMREX, 1pr/nr8","6,99 €  34,95 €/kg "
9243,"Kummikindad Sensitive S, VILEDA, 1 paar","2,79 €  2,79 €/tk "
9244,"Svammlapp Microfaser, VILEDA, 1 tk","2,49 €  2,49 €/tk "
9245,"Õueküünal Maxi 10-12h, HANSA CANDLE, 1 tk","1,99 €  1,99 €/tk "
9246,"Noad ühekordsed, SMILE, 25 tk","0,75 €  0,03 €/tk "
9247,"Plekieemaldaja Color, ACE, 1 l","3,39 €  3,39 €/l "
9248,"Nõudepesumasina kapslid Platinum Plus Quick wash, FAIRY, 45 tk","19,99 €  0,44 €/tk "
9249,"Patareid LR6PPG/AA, PANASONIC, 4 tk","3,19 €  0,80 €/tk "
9250,"Patareid LR03PPG/AAA, PANASONIC, 4 tk","3,19 €  0,80 €/tk "
9251,"Pudelihari, SAUBER,","1,19 €  1,19 €/tk "
9252,"Puhastuvahend Bleach & Hygiene, CILLIT, 750 ml","5,59 €  7,45 €/l "
9253,"Lisaharjad Sensitive, ORAL-B, 2 tk","14,99 €  7,50 €/tk "
9254,"Õhupall Happy Birthday, SUSY CARD, 6 tk","2,99 €  0,50 €/tk "
9255,"WC-värskendaja DeLuxe Jasmine, BREF, 100 g","3,99 €  39,90 €/kg "
9256,"Puhastusvahend ahjudele&grillile, DR.BECKMANN, 375 ml","3,59 €  9,57 €/l "
9257,"Vormid alumiiniumfooliumist 1,9l, ELISE, 3 tk","1,59 €  0,53 €/tk "
9258,"Nõudepesumasina hooldusvahend, SOMAT, 250 ml","5,79 €  23,16 €/l "
9259,"Mopp Active, VILEDA, 1 tk","17,99 €  17,99 €/tk "
9260,"Hallituse eemaldaja, CILLIT, 750 ml","5,19 €  6,92 €/l "
9261,"Plekieemaldaja Oxy Action White, VANISH, 470 g","7,49 €  15,94 €/kg "
9262,"Fooliumküpsetusvorm 3,6l, 2 tk","1,69 €  0,85 €/tk "
9263,"WC-poti puhastusvahend, TRI-BIO, 710 ml","3,29 €  4,63 €/l "
9264,"Pesupulber Deep Clean Color 18pk, PERSIL, 1,17 kg","5,99 €  5,12 €/kg "
9265,"Plekieemaldaja eelpesuks, VANISH, 500 ml","4,69 €  9,38 €/l "
9266,"Pesugeel Color, FROSCH, 1,5 l","6,49 €  4,33 €/l "
9267,"Kahvlid plastikust, HUHTAMAKI, 25 tk","0,79 €  0,03 €/tk "
9268,"Klaasipuhastusvahend Citrus, CLIN, 500 ml","2,29 €  4,58 €/l "
9269,"Küürimishari Brut, SAUBER, 1 tk","2,49 €  2,49 €/tk "
9270,"Taimede väetisepulgad, SUBSTRAL, 30 tk","2,99 €  0,10 €/tk "
9271,"Prügikühvel+hari, SAUBER,","2,79 €  2,79 €/tk "
9272,"Pesupulber Pure Magnolia 40pk, BONUX, 3 kg","7,49 €  2,50 €/kg "
9273,"Puhastusvahend keraamilisele pliidile, DR. BECKMANN, 250 ml","3,99 €  15,96 €/l "
9274,"Antiikküünal 7,5h 24,5cm, HANSA CANDLE, 10 tk","3,29 €  0,33 €/tk "
9275,"Õhuvärskendaja täide, AIR WICK, 19 ml","5,99 €  315,26 €/l "
9276,"Katlakivitabletid espressomasina, JURA, 3 tk","13,99 €  4,66 €/tk "
9277,"Pesupesemisvahend, neutraalne, SONETT, 2 l","11,99 €  6,00 €/l "
9278,"Pesuloputusvahend Supreme Pink, SILAN, 600 ml","2,89 €  4,82 €/l "
9279,"Nõudepesukapslid All in 1 Platinum Lemon, FAIRY, 70 tk","24,90 €  0,36 €/tk "
9280,"Pesupulber Mountain Spring 36 pk, ARIEL, 2,7 kg","10,99 €  4,07 €/kg "
9281,"Pesupulber Mountain Spring 4 pesukorda, ARIEL, 300 g","1,69 €  5,63 €/kg "
9282,"Pesugeel Mountain Spring 20 pk, ARIEL, 1,1 l","5,99 €  5,45 €/l "
9283,"Geelkapslid Mountain Spring, ARIEL, 26 tk","10,99 €  0,42 €/tk "
9284,"Napsuklaasid 40ml, PAPSTAR, 40 tk","1,49 €  0,04 €/tk "
9285,"Säilituskarbid, SPINO, 5x750ml","0,79 €  0,16 €/tk "
9286,"Papptaldrikud Säästö 18cm, HUHTAMAKI, 50 tk","2,69 €  0,05 €/tk "
9287,"Grillimisrest, puitkäepide 40x30cm, ASI COLLECTION, 1 tk","9,99 €  9,99 €/tk "
9288,"Geelkapslid Mountain Spring, ARIEL, 14 tk","5,99 €  0,43 €/tk "
9289,"WC-värskedaja geel Sea Breeze, BREF, 360 ml","4,19 €  11,64 €/l "
9290,"Värvipüüdja Gold, VANISH, 16 tk","3,49 €  0,22 €/tk "
9291,"Kühvel+hari, SAUBER, 1 tk","6,49 €  6,49 €/tk "
9292,"Puhastusvaht Antibacterial, CILLIT, 600 ml","5,49 €  9,15 €/l "
9293,"Geelkapslid Touch of Lenor, ARIEL, 14 tk","5,99 €  0,43 €/tk "
9294,"Köögipindade puhastusvahend sooda ja sidruniga, AJAX, 500 ml","3,69 €  7,38 €/l "
9295,"Papptaldrikud Säästo 22cm, HUHTAMAKI, 50 tk","5,49 €  0,11 €/tk "
9296,"Nuga plastmassist, SELVER, 25 tk","0,59 €  0,02 €/tk "
9297,"Söögiriistade komplekt biolagunev, GO GREEN, 1 tk","0,39 €  0,39 €/tk "
9298,"Tualettpaber Exclusive Ultra Soft, 4-kihiline, ZEWA, 8 rl","6,29 €  0,79 €/rl "
9299,"Softkindad sünteetilisest nahast, TAMREX, 1pr/nr8","3,99 €  3,99 €/tk "
9300,"Mopp Active varu, VILEDA, 1 tk","10,99 €  10,99 €/tk "
9301,"Nõudepesuvahend Sensitive Chamomile, FAIRY, 900 ml","2,49 €  2,77 €/l "
9302,"Pesuloputusvahend Spring Awakening 60 pk, LENOR, 1,8 l","4,99 €  2,77 €/l "
9303,"Antistaatik, YPLON, 300 ml","2,29 €  7,63 €/l "
9304,"Kummikindad Sensitive L, VILEDA, 1 paar","2,79 €  2,79 €/tk "
9305,"Pesugeel Color, MAYERI, 2 l","6,99 €  3,50 €/l "
9306,"Pesupulber Color, MINI RISK, 2,65 kg","14,99 €  5,66 €/kg "
9307,"Õhuvärskendaja Reeds Difuuser Mystical Garden, AIR WICK, 30 ml","5,99 €  119,80 €/l "
9308,"Mahla säilituskott tapiga, 3L","0,89 €  0,89 €/tk "
9309,"Geelkapslid Color, ARIEL, 26 tk","10,99 €  0,42 €/tk "
9310,"Saunaviht Kask ja Eukalüpt, SIPAKSON, 100 g","3,99 €  3,99 €/tk "
9311,"Jalanõude värskendaja, KIWI, 100 ml","4,99 €  49,90 €/l "
9312,"Koitõrjekuulid Lavendel, BROS, 20 tk","2,39 €  0,12 €/tk "
9313,"Pesupulber Deep Clean Sensitive 18pk, PERSIL, 1,17 kg","5,99 €  5,12 €/kg "
9314,"Supikauss biolagnev 700ml, SELVER, 25 tk","2,99 €  0,12 €/tk "
9315,"Kindad mikropunktidega must, TAMREX, 1paar/nr10","1,29 €  1,29 €/tk "
9316,"Küünlad Mikaado, HERLITZ, 24 tk","1,49 €  0,06 €/tk "
9317,"Õhuvärskendaja Vanilla, GLADE, 300 ml","2,99 €  9,97 €/l "
9318,"Nõudepesumasina puhastuspulber, DR.BECKMANN, 75 g","3,99 €  53,20 €/kg "
9319,"Küürimisšvamm Soft, SPONTEX, 2 tk","2,49 €  1,25 €/tk "
9320,"Nõudepesumasina kapslid Platinum Plus Yellow, FAIRY, 30 tk","14,99 €  0,50 €/tk "
9321,"Plekieemaldaja White, VANISH, 1 l","5,49 €  5,49 €/l "
9322,"Pesupulber Color 36 pk, ARIEL, 2,7 kg","10,99 €  4,07 €/kg "
9323,"Väetisepulgad õitsvatele taimele, SUBSTRAL, 30 tk","2,99 €  0,10 €/tk "
9324,"Aiakühvel, FISKARS, 1tk","5,99 €  5,99 €/tk "
9325,"Pesugeel White, MAYERI, 2 l","6,99 €  3,50 €/l "
9326,"Fooliumküpsetusvorm 23 cm, 4 tk","1,39 €  0,35 €/tk "
9327,"Võileivakotid paberist, SMILE, 50 tk","1,49 €  0,03 €/tk "
9328,"Vormid alumiiniumfooliumist 0,5l, ELISE, 8 tk","1,39 €  0,17 €/tk "
9329,"Pesukott 47x32cm, MARISABLUE,","1,99 €  1,99 €/tk "
9330,"Grillimisrest, puitkäepide 27x24cm, ASI COLLECTION, 1 tk","4,99 €  4,99 €/tk "
9331,"Puhastuvahend rasvaeemaldaja, CILLIT, 750 ml","5,59 €  7,45 €/l "
9332,"Köögipuhastusvahend desinfitseeriv, SANYTOL, 500 ml","2,79 €  5,58 €/l "
9333,"Fooliumist õhupall nr.1, PARTYDECO, 1 tk","1,69 €  1,69 €/tk "
9334,"Nõudepesumasina tabletid All in One, MAYERI, 16 tk","4,49 €  0,28 €/tk "
9335,"Tolmukotid, SWIRL, 5 tk","4,49 €  4,49 €/tk "
9336,"Säilituskarbid, SPINO, 5x1l","0,89 €  0,18 €/tk "
9337,"Supilusikad, HUHTAMAKI, 25 tk","0,79 €  0,03 €/tk "
9338,"Sidrun-bergamoti saunaõli, JOH.VÖGELE, 10 ml","4,49 €  449,00 €/l "
9339,"Õhuvärskendaja Freshmatic Pure täide Spring Delight, AIR WICK, 250 ml","6,99 €  27,96 €/l "
9340,"Pesugeel Complete Clean Color, PERSIL, 2 l","10,99 €  5,50 €/l "
9341,"Nõudepesumasina geel Gold Anti-Grease 55pk, SOMAT, 990 ml","14,99 €  15,14 €/l "
9342,"Pesugeel Black Wash Sensitive Skin 20 pk, NEUTRAL, 1 l","7,99 €  7,99 €/l "
9343,"Õhuvärskendaja Essential Mist Soothing Honeydew & Cucumber, AIR WICK, 1 kmpl","19,99 €  19,99 €/tk "
9344,"Softkindad sünteetilisest nahast, TAMREX, 1pr/nr10","3,99 €  3,99 €/tk "
9345,"Orhidee muld, SUBSTRAL, 3 l","3,79 €  1,26 €/l "
9346,"Kindad mikropunktidega must, TAMREX, 1paar/nr8","1,29 €  1,29 €/tk "
9347,"Piimavahustaja, SEVERIN, 1 tk","7,99 €  7,99 €/tk "
9348,"Vormid alumiiniumfooliumist 3,6L, ELISE, 2 tk","1,69 €  0,85 €/tk "
9349,"Õhuvärskendaja zelee Citrus, GLADE, 150 g","1,99 €  13,27 €/kg "
9350,"Lemmikloomade lõhnaeemaldaja, TRI-BIO, 420 ml","3,99 €  9,50 €/l "
9351,"Looduslik pesugeel Põhjamaine mets, MULIERES, 1,5 l","10,99 €  7,33 €/l "
9352,"Numbriküünal nr 2, SUSY CARD, 1tk","0,99 €  0,99 €/tk "
9353,"Nõudepesumasina tabletid All in 1, SOMAT, 100 tk","24,90 €  0,25 €/tk "
9354,"Puhastuskreem Original, CIF, 540 g","2,59 €  4,80 €/kg "
9355,"Hiire- ja rotimürk teravili, BROS, 120 g","1,99 €  16,58 €/kg "
9356,"Pesupulber Color 18 pk, ARIEL, 1,35 kg","6,29 €  4,66 €/kg "
9357,"Istutuskühvel, FISKARS, 1 tk","5,99 €  5,99 €/tk "
9358,"WonderGrip COMFORT latekskindad, TAMREX, 1pr/nr10","5,29 €  5,29 €/tk "
9359,"Vormid alumiiniumfooliumist 1,5l, ELISE, 4 tk","1,69 €  0,42 €/tk "
9360,"Fooliumküpsetusvorm 850ml, 6 tk","1,89 €  0,32 €/tk "
9361,"Puhastusvahend Power&Shine Antibakteriaalne, CIF, 750 ml","5,69 €  7,59 €/l "
9362,"Looduslik pesugeel Värske tsitrus, MULIERES, 1,5 l","10,99 €  7,33 €/l "
9363,"Pesugeelikapslid All-Care Universal, MAYERI, 18 tk","6,49 €  0,36 €/tk "
9364,"Lisaharjad GumHealth, PHILIPS, 2 tk","14,99 €  14,99 €/tk "
9365,"Geelkapslid Color & Style, ARIEL+, 24 tk","10,99 €  0,46 €/tk "
9366,"Orhideeväetis+huumus, SUBSTRAL, 250 ml","3,69 €  14,76 €/l "
9367,"Öko väetisepulgad toa- ja aiataimedele, SUBSTRAL, 20tk/pk","2,79 €  0,14 €/tk "
9368,"Põrandahari varrega, VILEDA, 1 tk","6,99 €  6,99 €/tk "
9369,"LED lamp küünal filament 4W E14 470lm, ENERGIZER, 1 tk","2,99 €  2,99 €/tk "
9370,"Pesukott 75x47cm, MARISABLUE,","2,29 €  2,29 €/tk "
9371,"Pesulõksud, SAUBER, 20 tk","1,69 €  0,08 €/tk "
9372,"Duo-geelkapslid Sensitive 28 pesukorda, PERSIL, 28 tk","10,99 €  0,39 €/tk "
9373,"LED lamp GU5.3/7W/500lm, V-TAC, 1 tk","4,99 €  4,99 €/tk "
9374,"Pesuvahend Black, WOOLITE, 900 ml","3,99 €  4,43 €/l "
9375,"Külmkapivärskendi Mister Magic, DR.BECKMANN, 40 g","4,29 €  107,25 €/kg "
9376,"WC-puhastuspallid Power 5 Lime, DOMESTOS, 55 g","1,99 €  36,18 €/kg "
9377,"Numbriküünal nr 3, SUSY CARD, 1tk","0,99 €  0,99 €/tk "
9378,"Duo-geelkapslid Color 14 pesukorda, PERSIL, 14 tk","5,99 €  0,43 €/tk "
9379,"Puhastusvahend kaminaklaasile, STARWAX, 500 ml","5,79 €  11,58 €/l "
9380,"Grillimisrest 34x22cm, ASI COLLECTION, 1 tk","5,99 €  5,99 €/tk "
9381,"Hari + kühvel pika varrega, VILEDA,","11,99 €  11,99 €/tk "
9382,"Kingalusikas 65cm, plastik, SAUBER, 1 tk","1,99 €  1,99 €/tk "
9383,"Svammlapp, SPONTEX, 3 tk","1,99 €  0,66 €/tk "
9384,"Pesuvahend Color, WOOLITE, 900 ml","3,99 €  4,43 €/l "
9385,"Puhastuskaabits keraamilisele pl, DR.BECKMANN, 1 tk","3,99 €  3,99 €/tk "
9386,"Õhuvärskendaja täide, AIR WICK, 250 ml","6,99 €  27,96 €/l "
9387,"Joogitopsid Säästö 200ml, HUHTAMAKI, 80 tk","2,99 €  0,04 €/tk "
9388,"Numbriküünal nr 1, SUSY CARD, 1tk","0,99 €  0,99 €/tk "
9389,"Plasttops Säästo 25cl läbipaistev, HUHTAMAKI, 50 tk","3,49 €  0,07 €/tk "
9390,"Plekieemaldussprei Pet expert, VANISH, 500 ml","5,99 €  11,98 €/l "
9391,"Mikser, valge, SEVERIN, 1tk","25,90 €  25,90 €/tk "
9392,"Kohvilusikas plastmassist, SELVER, 25 tk","0,59 €  0,02 €/tk "
9393,"Õhuvärskendaja Essential Mist Soothing Honeydew&Cucumber täide, AIR WICK, 20 ml","6,99 €  349,50 €/l "
9394,"Pesuloputusvahend Sensitive, SILAN, 1,8 l","4,99 €  2,77 €/l "
9395,"Kobesti, FISKARS, 1 tk","5,99 €  5,99 €/tk "
9396,"Grillimisvardad 60cm, ASI COLLECTION, 6 tk","6,99 €  1,17 €/tk "
9397,"Niiskuskaitse jalatsitele, GOLD CARE, 200 ml","3,49 €  17,45 €/l "
9398,"Plasttops, HUHTAMAKI, 25 tk","3,49 €  0,14 €/tk "
9399,"Vaakumpump, SAUBER, 1 tk","1,69 €  1,69 €/tk "
9400,"WC- puhastuvahend 10xEffect Max White, BREF, 700 ml","2,99 €  4,27 €/l "
9401,"Geelkapslid Touch of Lenor, ARIEL, 33 tk","12,99 €  0,39 €/tk "
9402,"Orhidee väetisepulgad, SUBSTRAL, 10 tk","3,69 €  0,37 €/tk "
9403,"Õhuvärskendaja Freshmatic täide, AIR WICK, 250 ml","6,99 €  27,96 €/l "
9404,"Õhuvärskendaja Citrus, AIR WICK, 240 ml","1,99 €  8,29 €/l "
9405,"Putukamürk roomavatele putukatel, COBRA, 400 ml","2,29 €  5,73 €/l "
9406,"Puhastusvahend kork-ja laminaatp, EMSAL, 1 l","3,19 €  3,19 €/l "
9407,"Sisetallad Activ Carbon 30-46, OMAKING, 1 paar","1,39 €  1,39 €/tk "
9408,"Lume-Ja jääsulati puisturiga, HEISSNER,","11,99 €  4,00 €/kg "
9409,"Puhastussvamm jalatsitele, KIWI, 6 ml","3,49 €  3,49 €/tk "
9410,"Puhastusvaht Active Foam, CILLIT, 600 ml","5,59 €  9,32 €/l "
9411,"Silikoonleivavorm 24 cm, DR.OETKER, 1 tk","16,99 €  16,99 €/tk "
9412,"Tualettpaber Charisma 4-kihiline 152 lehte, GRITE, 8 rl","2,39 €  0,30 €/tk "
9413,"LED pirn GLS A60, E27,40W, 4,5W, 470lum, 15000h, PHILIPS, 1 tk","3,79 €  3,79 €/tk "
9414,"Froteerätik ja pesukinnas, hall, DESCAMPS, 50x100cm","4,99 € 4,99 €/tk "
9415,"Šampusepokaalid, 15 tk","17,99 € 17,99 €/tk "
9416,"Noad, BIBO, 25 tk","3,79 €  0,25 €/tk "
9417,"Kohvilusikad, BIBO, 50 tk","0,79 €  0,03 €/tk "
9418,"Aknapesija teleskoopvarrega, SAUBER, 1 tk","4,49 €  22,45 €/kg "
9419,"Vaibapuhastusvahend Gold, VANISH, 500 ml","14,99 €  14,99 €/tk "
9420,"Duo-geelkapslid Lavender Color 14 pesukorda, PERSIL, 14 tk","5,49 €  10,98 €/l "
9421,"Duo-geelkapslid Regular 28 pesukorda, PERSIL, 28 tk","5,99 €  0,43 €/tk "
9422,"Nõudepesuvahend Pure&Clean, FAIRY, 650 ml","10,99 €  0,39 €/tk "
9423,"LED-niitlamp Standard A60 7W/827 E27, OSRAM, 1 tk","2,99 €  4,98 €/l "
9424,"Froteerätik ja pesukinnas, kakao, DESCAMPS, 50x100cm","2,99 €  2,99 €/tk "
9425,"Naturen Multi-Insect Toa ja Aia Kahjuritõrje, SUBSTRAL, 1tk","6,49 €  6,49 €/tk "
9426,"Õhuvärskendaja Fresh Waters, AIR WICK, 240 ml","17,99 € 17,99 €/tk "
9427,"Õhuvärskendaja hoidja, GLADE, 10 ml","6,49 €  6,49 €/tk "
9428,"Puhastushari grillile 45cm, ASI COLLECTION, 1 tk","1,99 €  8,29 €/l "
9429,"Lõikelaud Anita suur, DALOPLAST, 1 tk","2,99 €  299,00 €/l "
9430,"LED lamp E14/5,5W/470lm/Candle, V-TAC, 1 tk","6,99 €  6,99 €/tk "
9431,"Köögirätik, vahvel h.roheline, BRADLEY, 40x60cm","4,99 €  4,99 €/tk "
9432,"Köögipuhastusvahend sidrunhein Bio-Cleaner, BIOMIO, 500 ml","2,49 €  2,49 €/tk "
9433,"Pesupulber Mountain Spring 18 pk, ARIEL, 1,35 kg","2,19 €  2,19 €/tk "
9434,"Kingaviks, ORTO, 50 g","3,69 €  7,38 €/l "
9435,"Piknikukomplekt nr 4, , 6 osaline","6,29 €  4,66 €/kg "
9436,"Puhastushari grillile 10cm, ASI COLLECTION, 1 tk","1,49 €  29,80 €/kg "
9437,"Pesunöör, SAUBER, 30 m","1,29 €  1,29 €/tk "
9438,"Noateritaja Functional Form, FISKARS, 1 tk","2,49 €  2,49 €/tk "
9439,"Putukatõrjevahend Sipelga- ja prussakatõrje aerosool, RAID, 300 ml","3,49 €  3,49 tk "
9440,"Numbriküünal nr 5, SUSY CARD, 1tk","15,99 €  15,99 €/tk "
9441,"Duo-geelkapslid Regular 14 pesukorda, PERSIL, 14 tk","4,49 €  14,97 €/l "
9442,"Bio süütegeel, FARMLIGHT, 1 l","0,99 €  0,99 €/tk "
9443,"WC-värskendaja Floral Apple-Water Lily, BREF, 100 g","5,99 €  0,43 €/tk "
9444,"Nõudepesuvahend ProNature, PUR, 500 ml","4,49 €  4,49 €/l "
9445,"Õhuvärskendaja Mint & Grapefruit, AIRWICK BOTANICA, 236 ml","3,99 €  39,90 €/kg "
9446,"Lisaharjad Precision Clean, ORAL-B, 2 tk","1,99 €  3,98 €/l "
9447,"Vormid alumiiniumfooliumist 23cm, ELISE, 4 tk","4,49 €  19,03 €/l "
9448,"Röster, SEVERIN, 1 tk","12,99 €  6,50 €/tk "
9449,"Varuotsikud Cross Action, ORAL-B, 2 tk","1,59 €  0,40 €/tk "
9450,"Õhuvärskendaja Pure Spring Delight, AIR WICK, 250 ml","18,99 €  18,99 €/tk "
9451,"Varuotsikud Frozen Kids Star Wars, ORAL-B, 2 tk","14,99 €  7,50 €/tk "
9452,"Pannilabidas FF, FISKARS, 1 tk","4,19 €  16,76 €/l "
9453,"Kohviveski, inox, SEVERIN, 1tk","14,99 €  7,50 €/tk "
9454,"Joogikõrred, PARTYDECO, 10 tk","3,69 €  3,69 €/tk "
9455,"WC-värskendaja Perfume Switch Cotton Lavendel, BREF, 100 g","3,99 €  39,90 €/kg "
9456,"Õhuvärskendaja Citrus täide, AIR WICK, 250 ml","6,99 €  27,96 €/l "
9457,"Vannitoapuhastusvahend, MR.MUSCLE, 500 ml","2,39 €  4,78 €/l "
9458,"Pesukuivatusrest Universal, VILEDA, 1 tk","34,90 €  34,90 €/tk "
9459,"Vispel silikoonist FF, FISKARS, 1 tk","10,99 €  10,99 €/tk "
9460,"Papptaldrik tuulik 23cm, CASATREND, 10 tk","1,99 €  0,20 €/tk "
9461,"Hiire- ja rotimürk helbed, BROS, 100 g","1,79 €  17,90 €/kg "
9462,"Tolmuimejakotid S-Bag Philips, NEDIS, 4 tk","4,99 €  1,25 €/tk "
9463,"Fooliumist õhupall nr.3, PARTYDECO, 1 tk","1,69 €  1,69 €/tk "
9464,"Pesugeel Pro-Care, WOOLITE, 1,8 l","6,99 €  3,88 €/l "
9465,"Põrandahooldusvahend Parketivaha, PLEDGE, 500 ml","4,39 €  8,78 €/l "
9466,"Desinfitseerimisvahend tekstiilile, SANYTOL, 500 ml","3,79 €  7,58 €/l "
9467,"Õhuvärskendaja Relaxing, AIR WICK, 250 ml","4,19 €  16,76 €/l "
9468,"Pesugeel Complete Clean Lavender Freshness Color, PERSIL, 1 l","5,99 €  5,99 €/l "
9469,"Pesugeel Complete Clean Lavender Freshness Color, PERSIL, 2 l","10,99 €  5,50 €/l "
9470,"Värvipüüdja Intensive, K2R, 10 tk","3,49 €  0,35 €/tk "
9471,"Peokonfetti kahur 40cm, PARTYDECO, 1 tk","3,99 €  3,99 €/tk "
9472,"Fooliumist õhupall nr.2, PARTYDECO, 1 tk","1,69 €  1,69 €/tk "
9473,"Pesugeel Delicate, WOOLITE, 1,8 l","6,99 €  3,88 €/l "
9474,"Taldrik jaotustega biolagunev 23cm, SELVER, 25 tk","2,69 €  0,11 €/tk "
9475,"Nõudepesumasina tabletid All-in-1 Max, FINISH, 42 tk","14,99 €  0,36 €/tk "
9476,"Saumikser, turbomix, TEFAL, 1tk","29,90 €  29,90 €/tk "
9477,"LED lamp dekoratiiv filament 4W E14 470lm, ENERGIZER, 1 tk","2,99 €  2,99 €/tk "
9478,"Kummikindad Multisensitive M/L, VILEDA, 40 tk","11,99 €  0,30 €/tk "
9479,"Küpsetuskotid kalale 25x55cm, SMILE, 6 tk","1,29 €  0,22 €/tk "
9480,"Õhuvärskendaja Difuuser Fresh Air, AIR WICK, 30 ml","5,99 €  119,80 €/l "
9481,"Koogivorm Tradition 24 cm, DR.OETKER, 1 tk","14,99 €  14,99 €/tk "
9482,"WC-puhastuspallid Power 5 Ocean, DOMESTOS, 55 ml","1,99 €  36,18 €/kg "
9483," Jääkuubikukotid suurte kuubikute tegemiseks, GOSIA, 8 tk","1,59 €  0,18 €/tk "
9484,"Numbriküünal nr 4, SUSY CARD, 1tk","0,99 €  0,99 €/tk "
9485,"Võileivakott click-sulguriga, 16x17cm, PACLAN, 42 tk","1,99 €  0,05 €/tk "
9486,"LED lamp E27/17W/1521lm/A65, V-TAC, 1 tk","4,79 €  4,79 €/tk "
9487,"Kohvilusikad biolagunevad, SELVER, 25 tk","1,39 €  0,06 €/tk "
9488,"Nõudepesuvahend Sensitive pouch, MAYERI, 900 ml","1,49 €  1,66 €/l "
9489,"Putukamürk roomavatele putukatele, BROS, 400 ml","3,59 €  8,98 €/l "
9490,"Silikoonmuffinivorm 6-ne, DR.OETKER,","16,99 €  16,99 €/tk "
9491,"Pesugeel Color, BIO LUVIL, 920 ml","8,49 €  9,23 €/l "
9492,"LED-lamp PhPAR16 35 DIM 4,5W/927 GU10 230lm, OSRAM, 1 tk","4,49 €  4,49 €/tk "
9493,"Blender must, 1,5L tritan, SEVERIN, 1tk","35,90 €  35,90 €/tk "
9494,"Köögirätik, vahvel beez, BRADLEY, 40x60cm","2,19 €  2,19 €/tk "
9495,"Kokteilitikud bambusest, RAVI, 200 tk","1,29 €  0,01 €/tk "
9496,"Õhuvärskendaja Caribbean Sandalwood, AIRWICK BOTANICA, 236 ml","4,49 €  19,03 €/l "
9497,"Lauapliit, SEVERIN, 1tk","22,90 €  22,90 €/tk "
9498,"Lisaharjad Pro Bright, poleeriva, ORAL-B, 2 tk","12,99 €  6,50 €/tk "
9499,"Saapamääre Merelõvi, ORTO, 50 g","1,49 €  29,80 €/kg "
9500,"Aerosool lendavatele putukatele, BROS, 400 ml","3,29 €  8,23 €/l "
9501,"Hiirelõks, BROS, 1tk","1,99 €  1,99 €/tk "
9502,"Õhuvärskendaja Electrical White Flowers täide, AIR WICK, 19 ml","5,99 €  315,26 €/l "
9503,"Salativurr, HEIDRUN, 1 tk","7,99 €  7,99 €/tk "
9504,"Numbriküünal nr 0, SUSY CARD, 1tk","0,99 €  0,99 €/tk "
9505,"Numbriküünal nr 6, SUSY CARD, 1tk","0,99 €  0,99 €/tk "
9506,"Lisaharjad Standard , PHILIPS, 2 tk","14,99 €  14,99 €/tk "
9507,"Ahjuvorm 24x32cm, BALLARINI, 1 tk","8,99 €  8,99 €/tk "
9508,"Rasvaeemaldaja sidruniekstraktiga, CIF, 750 ml","5,69 €  7,59 €/l "
9509,"Fooliumist õhupall nr.5, PARTYDECO, 1 tk","1,69 €  1,69 €/tk "
9510,"Klaasipesuvahend lõhnatu Bio-Cleaner, BIOMIO, 500 ml","5,99 €  7,99 €/l "
9511,"Lisaharjad lastele standart, PHILIPS, 2 tk","14,99 €  14,99 €/tk "
9512,"LED lamp GLS filament 8W 827 E27 1060lm, ENERGIZER, 1 tk","4,49 €  4,49 €/tk "
9513,"WC puhastusvahend Platinum Marine, HARPIC, 750 ml","3,49 €  4,65 €/l "
9514,"Pikendusjuhe 3-pesaga, SMILE, 1 tk","25,90 €  25,90 €/tk "
9515,"Suitsuandur optiline, TAMREX, 1 tk","9,99 €  9,99 €/tk "
9516,"Teraseläige, SC JOHNSON, 150 ml","2,69 €  17,93 €/l "
9517,"Koorija, FISKARS, 1 tk","8,99 €  8,99 €/tk "
9518,"Külmetuse segu saunaõli, JOH.VÖGELE, 10 ml","4,49 €  449,00 €/l "
9519,"Puhastusvahend vaipadele ja vaipkatetele harjaga, DR.BECKMANN, 650 ml","6,49 €  9,98 €/l "
9520,"Saumikser valge, KITCHENAID, 1 tk","61,90 € 61,90 €/tk "
9521,"Hiire- ja rotimürk graanulitena, BROS, 140 g","89,90 € 89,90 €/tk "
9522,"LED-lamp PhPAR16 5036 DIM 5,9W/927 GU10 350lm, OSRAM, 1 tk","2,49 €  17,79 €/kg "
9523,"Võileivagrill, 3in1, vahetatavate plaatidega, DOMO, 750W","4,99 €  4,99 €/tk "
9524,"Personaalkaal Style 200, SOEHNLE, 1tk","29,90 €  29,90 €/tk "
9525,"Nõudepesumasina tabletid All-in-1 Max Lemon, FINISH, 53 tk","24,90 €  24,90 €/tk "
9526,"Elektriline hambahari Sonicare Teens, PHILIPS, 1 tk","44,90 €  44,90 €/tk "
9527,"Nõudepesuvahend Power Spray, FAIRY, 375 ml","69,90 €  69,90 €/tk "
9528,"Õhuvärskendaja Island Rose, AIRWICK BOTANICA, 236 ml","7,49 €  19,97 €/l "
9529,"Niiskuseimaja täitetabletid, HENKEL/METYLAN, 2 tk","4,49 €  19,03 €/l "
9530,"Kummikindad ühekordsed L, MCLEAN, 10 tk","11,99 €  6,00 €/tk "
9531,"Õhuvärskendaja pesukappidele, GENERAL FRESH, 2 tk","1,99 €  0,20 €/tk "
9532,"Kingakreem + läige, GOLD CARE, 60 ml","1,29 €  21,50 €/l "
9533,"Looduslik üldpuhastusvahend Värske tsitrus, MULIERES, 1 l","1,29 €  21,50 €/l "
9534,"Õhuvärskendaja Electrical Forest Waters, AIR WICK, 1 kmpl","8,99 €  8,99 €/l "
9535,"Õhuvärskendaja Refreshing, AIR WICK, 250 ml","6,99 €  6,99 €/tk "
9536,"Pesugeel Sensitive, BIO LUVIL, 920 ml","4,19 €  16,76 €/l "
9537,"LED lamp E27/9W/806lm/A60, V-TAC, 1 tk","8,49 €  9,23 €/l "
9538,"Plekieemaldaja Oxy Action Regular, VANISH, 625 g","2,39 €  2,39 €/tk "
9539,"Fooliumist õhupall nr.0, PARTYDECO, 1 tk","8,99 €  14,38 €/kg "
9540,"Prügikotid biolagunevad 75l, BIOBAG, 20 tk","1,69 €  1,69 €/tk "
9541,"Hambaharja otsik, PHILIPS, 2 tk","14,99 €  0,75 €/tk "
9542,"LED lamp GLS 15W 827 E27 1521lm, ENERGIZER, 1 tk","14,99 €  14,99 €/tk "
9543,"WC puhastusvahend Platinum Original, HARPIC, 750 ml","5,99 €  5,99 €/tk "
9544,"Nõudepesuvahend Green Tea, PUR, 750 ml","3,49 €  4,65 €/l "
9545,"Pesuloputusvahend Sensitive, SILAN, 900 ml","1,99 €  2,65 €/l "
9546,"Kirve-ja noateritaja Xsharp, FISKARS","16,99 €  16,99 €/tk "
9547,"Multirtööriist PMF 1800E, BOSCH, 1tk","16,99 €  16,99 €/tk "
9548,"Piknikukomplekt 12-osaline, 1 kmpl","44,90 € 44,90 €/tk "
9549,"Sääsetõrjevahend Soft Super, OFF, 100 ml","4,59 €  45,90 €/l "
9550,"Tsitruspress, PHILIPS, 1tk","19,99 €  19,99 €/tk "
9551,"Pesugeel õrn pesu, FROSCH, 1,8 l","6,99 €  3,88 €/l "
9552,"Laudlina, SUSY CARD, 120x180 cm","6,59 €  6,59 €/tk "
9553," Jääkuubikukotid purustatud jää tegemiseks, GOSIA, 8 tk","1,59 €  0,20 €/tk "
9554,"Looduslik üldpuhastusvahend Põhjamaine mets, MULIERES, 1 l","8,99 €  8,99 €/l "
9555,"Pintsel silikoonist FF, FISKARS, 1 tk","8,99 €  8,99 €/tk "
9556,"Föön, PHILIPS, 2100W","21,90 €  21,90 €/tk "
9557,"LED lamp E14/5,5W/470lm/Globe, V-TAC, 1 tk","2,49 €  2,49 €/tk "
9558,"Juukselõikusmasin, PHILIPS, 1tk","22,90 €  22,90 €/tk "
9559,"Vaibapuhastusvaht Pet expert, VANISH, 600 ml","5,99 €  9,98 €/l "
9560,"Elektriline hambahari Vitality Cross Action, ORAL-B, 1 tk","25,90 €  25,90 €/tk "
9561,"Veekeetja, valge 1L, SEVERIN, 1tk","19,99 €  19,99 €/tk "
9562,"Veekeetja, must 1L, SEVERIN, 1tk","18,99 €  18,99 €/tk "
9563,"Pesuvahend Pro-Care, WOOLITE, 900 ml","3,99 €  4,43 €/l "
9564,"Nõudepesumasina tabletid 7-in-1 öko eukalüpti õliga, BIOMIO, 30 tk","7,49 €  0,25 €/tk "
9565,"LED lamp GLS filament 6,2W 827 E27 806lm, ENERGIZER, 1 tk","3,49 €  3,49 €/tk "
9566,"LED lamp reg. valgustugevusega GU10 5,5W 830 345lm 36⁰, ENERGIZER, 1 tk","4,49 €  4,49 €/tk "
9567,"Pesukapslid Malodor Discs 22pk, PERSIL, 22 tk","10,99 €  0,50 €/tk "
9568,"Kaunistustikud 8,55cm, SUSY CARD, 90 tk","2,99 €  0,03 €/tk "
9569,"Vahvliküpsetaja, SEVERIN, 1tk","29,90 €  29,90 €/tk "
9570,"Kummikindad ühekordsed M, MCLEAN, 10 tk","1,99 €  0,20 €/tk "
9571,"Õhuvärskendaja Freshmatic Forest täide, AIR WICK, 250 ml","6,99 €  27,96 €/l "
9572,"Õhuvärskendaja Freshmatic Pure täide Cherry Blossom, AIR WICK, 250 ml","6,99 €  27,96 €/l "
9573,"Soola- ja pipraveski, RUSSEL HOBBS, 1tk","29,90 €  29,90 €/tk "
9574,"Küpsetusvorm, ühekordne, SAGA, 3 tk","4,49 €  1,50 €/tk "
9575,"Duo-geelkapslid Sensitive Almond Milk 14 pesukorda, PERSIL, 14 tk","5,99 €  0,43 €/tk "
9576,"Pesugeel Complete Clean Color, PERSIL, 1 l","5,99 €  5,99 €/l "
9577,"Varuotsikud Kids Star Wars, ORAL-B, 2 tk","14,99 €  7,50 €/tk "
9578,"LED lamp E14/4W/400lm/4W/Filament Candle, V-TAC, 2 tk","5,99 €  3,00 €/tk "
9579,"Kohvimasin, inox, SEVERIN, 1tk","39,90 €  39,90 €/tk "
9580,"Fooliumist õhupall nr.6, PARTYDECO, 1 tk","1,69 €  1,69 €/tk "
9581,"Fooliumist õhupall nr.8, PARTYDECO, 1 tk","1,69 €  1,69 €/tk "
9582,"Klaasipuhastusvahend ProNature, CLIN, 500 ml","2,29 €  4,58 €/l "
9583,"Pitsalõikur, FISKARS, 1 tk","10,99 €  10,99 €/tk "
9584,"Konsool Nintendo Switch, pun/sin, NINTENDO, 1tk","349,90 €  349,90 €/tk "
9585,"Saumikser the Control Grip All in One™, Sage, SAGE, 1tk","99,90 € 99,90 €/tk "
9586,"Nõudepesumasina tabletid All-in-1 Lemon, FINISH, 39 tk","179,90 € 179,90 €/tk "
9587,"Solid õuehari M varrega, FISKARS, 1 tk","23,90 €  23,90 €/tk "
9588,"Tolmukotid, SWIRL, 4 tk","23,90 €  23,90 €/tk "
9589,"Salvrätikud, 3-kihilised 33x33cm, SMILE, 20 tk","8,49 €  2,12 €/tk "
9590,"WC-puhastusvahend Zero Limescale Blue, DOMESTOS, 750 ml","1,69 €  0,08 €/tk "
9591,"Puhastusvahend vaipadele 3in1, VANISH, 500 ml","3,29 €  4,39 €/l "
9592,"Juustulõikur Functional Form, FISKARS, 1 tk","5,49 €  10,98 €/l "
9593,"Pesugeel Care & Repair, PERWOLL, 1,8 l","9,99 €  9,99 €/tk "
9594,"Lisaharjad lastele mini, PHILIPS, 2 tk","7,99 €  4,44 €/l "
9595,"Tualettpaber bambusest, 3-kihiline, CHEEKY PANDA, 4 rl","14,99 €  14,99 €/tk "
9596,"Hõõglamp külmikule 15W E14 T25, PHILIPS, 1 tk","3,99 €  1,00 €/rl "
9597,"Puhastusvahend vannitoale ProNature, BREF, 750 ml","1,39 €  1,39 €/tk "
9598,"Difuuser Caribbean Sandalwood, AIRWICK BOTANICA, 80 ml","4,99 €  6,65 €/l "
9599,"Plekieemaldusgeel Sensitive, MAYERI, 250 ml","12,99 €  162,38 €/l "
9600,"Pesuloputusvahend Magic Magnolia, SILAN, 800 ml","3,29 €  13,16 €/l "
9601,"Keraamiline pott Malmö mullidega, valge, PASSION FOR POTTERY, 13,5 x 12cm","2,89 €  3,61 €/l "
9602,"Juuksesirgendaja, SEVERIN, tk","8,49 €  1,70 €/tk "
9603,"Salvrätikud 33x33cm, DECOR, 20 tk","14,99 €  14,99 €/tk "
9604,"Kummikindad ühekordsed S, MCLEAN, 10 tk","1,69 €  0,08 €/tk "
9605,"Soojapuhur, ECG, 1tk","4,79 €  4,79 €/tk "
9606,"Elektriline hambahari vahetatava otsaga, PAW PATROL, 1 tk","14,99 €  14,99 €/tk "
9607,"Lõhnaküünal Amber & Lilies , HAVI'S,","8,99 €  8,99 €/tk "
9608,"Elektriline hambahari EasyClean, PHILIPS, 1 tk","7,99 €  7,99 €/tk "
9609,"Föön-koolutaja, PHILIPS, 1 tk","44,90 €  44,90 €/tk "
9610,"LED pealamp, 3XAAA, KENNER, 1 tk","29,90 €  29,90 €/tk "
9611,"Mikrolaineahi, R200WW, SHARP, maht 20L","6,99 €  6,99 €/tk "
9612,"Tekikott satään, roosa, VERSACE 19.69, 200x220cm","69,90 €  69,90 €/tk "
9613,"LED lamp GU10/5W/400lm, V-TAC, 1 tk","27,90 € 27,90 €/tk "
9614,"Saunaistumisalus (kunstvill), SIPAKSON, 60x50cm","49,90 € 49,90 €/tk "
9615,"Elektriline hambahari Vitality 100 Cross Action, ORAL-B, 1 tk","2,99 €  2,99 €/tk "
9616,"Nõudepesumasina kapslid All in 1 Lemon, FAIRY, 44 tk","2,19 €  2,19 €/tk "
9617,"Elektriline hambahari vahetatava otsaga, L.O.L., 1tk","25,90 €  25,90 €/tk "
9618,"WC-värskendaja Pro Nature Grapefruit, BREF, 150 g","14,99 €  0,34 €/tk "
9619,"Fooliumist õhupall nr.4, PARTYDECO, 1 tk","8,99 €  8,99 €/tk "
9620,"Fooliumist õhupall nr.9, PARTYDECO, 1 tk","4,59 €  30,60 €/kg "
9621,"LED lamp G9 2W/827 200lm, AIRAM, 1 tk","1,69 €  1,69 €/tk "
9622,"LED lamp GLS 11,6W 827 E27 1060lm, ENERGIZER, 1 tk","1,69 €  1,69 €/tk "
9623,"Bambusest majapidamispaber, 2-kihiline, CHEEKY PANDA, 2 rl","2,99 €  2,99 €/tk "
9624,"Juukselõikusmasin, juhtmega/juhtmeta +habemekamm, PHILIPS, 1tk","3,99 €  3,99 €/tk "
9625,"Pesugeel Advanced Blossom 30WL, PERWOLL, 1,8 l","4,99 €  4,99 €/tk "
9626,"Difuuser Vanilla & Magnolia, AIRWICK BOTANICA, 80 ml","36,90 €  36,90 €/tk "
9627,"Koitõrjevahend, KAPO, 400 ml","7,99 €  4,44 €/l "
9628,"Pussnuga koos teritajaga, FISKARS","9,99 €  9,99 €/tk "
9629,"Lillepotiümbris tahuline, valge, POLNIX, 16 x 13cm","7,99 €  19,98 €/l "
9630,"Herilase-,vapsiku- ja parmumürk, KAPO, 400 ml","9,99 €  9,99 €/tk "
9631,"Lisaharjad Floss Action, ORAL-B, 2 tk","6,99 €  6,99 €/tk "
9632,"Kalakäärid, FISKARS, tk","6,49 €  16,23 €/l "
9633,"Papptaldrik tuulik 18cm, CASATREND, 10 tk","14,99 €  7,50 €/tk "
9634,"Mahlapress, SEVERIN, 500 ml","28,90 €  28,90 €/tk "
9635,"Tekikott satään, roosa, VERSACE 19.69, 150x210cm","1,49 €  0,15 €/tk "
9636,"Käsi- aurukeskus, PHILIPS, 1tk","49,90 €  49,90 €/tk "
9637,"Sauna komplekt (müts, sussid ja rätik), SIPAKSON, 1kmpl","19,99 € 19,99 €/tk "
9638,"Kohvimasin 800W, 10-12 tassile, DOMO, 1tk","35,90 € 35,90 €/tk "
9639,"Tolmuimejakotid, Bosch/Siemens D-F-G-H 10tk + 1 filter, NEDIS, 1 kmpl","39,90 €  39,90 €/tk "
9640,"Aurutriikraud 1200W, DOMO, 1tk","15,99 €  15,99 €/tk "
9641,"Puhastusvahend Naturals vannitubadele, CILLIT BANG, 750 ml","5,49 €  7,32 €/l "
9642,"Pesugeel Advanced White, PERWOLL, 1,8 l","7,99 €  4,44 €/l "
9643,"Pesuloputusvahend Dreamy Lotus, SILAN, 800 ml","2,89 €  3,61 €/l "
9644,"Niiskuseimaja Aero 360° + tablett 450 g, CERESIT, 1 kmpl","14,99 €  33,31 €/kg "
9645,"Tekikott satään, kreem, VERSACE 19.69, 200x220cm","27,90 € 27,90 €/tk "
9646,"Lokitangid 25mm, BABYLISS, 1tk","49,90 € 49,90 €/tk "
9647,"EasyAquatak 100 Survepesur, BOSCH, 1tk","6,99 €  6,99 €/tk "
9648,"LED lamp E27/4W/400lm/Filament A60, V-TAC, 2 tk","59,90 € 59,90 €/tk "
9649,"LED lamp E27/11W/1055lm/A60, V-TAC, 1 tk","99,90 € 99,90 €/tk "
9650,Vingugaasiandur,"5,99 €  3,00 €/tk "
9651,"Fooliumist õhupall nr.7, PARTYDECO, 1 tk","49,90 €  49,90 €/tk "
9652,"Elektriline hambahari lastele, PHILIPS, 1 tk","1,49 €  0,15 €/tk "
9653,"WC-värskendaja DeLuxe Moonflower, BREF, 150 g","1,69 €  1,69 €/tk "
9654,"Reisitriikraud 1000W, SEVERIN, 1tk","45,90 €  45,90 €/tk "
9655,"DVD-mängija, DVD-S500EP-K, PANASONIC, 1tk","5,99 €  39,93 €/kg "
9656,"Õhuvärskendaja elektriline Mint & Grapefruit, AIRWICK BOTANICA, 1 kmpl","17,99 €  17,99 €/tk "
9657,"Difuuser Pineapple & Rosemary, AIRWICK BOTANICA, 80 ml","39,90 €  39,90 €/tk "
9658,"WC seep Tropical Blossom, HARPIC, 35 g","8,99 €  8,99 €/tk "
9659,"Üldpuhastusvahend All Care Rhubarb, MAYERI, 750 ml","2,19 €  2,92 €/l "
9660,"Pesuloputusvahend Fresh Floral Crisp, SILAN, 800 ml","1,99 €  56,86 €/kg "
9661,"Lillepotiümbris tahuline, hall, POLNIX, 16 x 13cm","2,19 €  2,92 €/l "
9662,"Lillepotiümbris tahuline, roosa, POLNIX, 16 x 13cm","2,89 €  3,61 €/l "
9663,"Keraamiline pott Le Havre, t.hall, PASSION FOR POTTERY, 16 x 14cm","6,99 €  6,99 €/tk "
9664,"Kummikindad Multisensitive S/M, VILEDA, 40 tk","6,99 €  6,99 €/tk "
9665,"Puhastuslapid Sensitive, niisutatud, MAYERI, 28 tk","9,99 €  9,99 €/tk "
9666,"Salvrätik + kohvilusikas, 1 kmpl","11,99 €  0,30 €/tk "
9667,"Puhatus-ja hooldusvahend nahale, ERES, 500 ml","1,79 €  0,06 €/tk "
9668,"Õhuvärskendaja Freshmatic Smooth, AIR WICK, 1 kmpl","0,11 €  0,11 €/tk "
9669,"Linnukäärid, FISKARS, 1 tk","5,99 €  11,98 €/l "
9670,"Grillimislabidas puitkäepidemega, ASI COLLECTION, 1 tk","8,49 €  8,49 €/tk "
9671,"Laudlina, SUSY CARD, 80x80 cm","35,90 €  35,90 €/tk "
9672,"Föön, PHILIPS, 1600 W","3,99 €  3,99 €/tk "
9673,"Keeduspiraal, ROMMELSBACHER, 1 tk","3,99 €  3,99 €/tk "
9674,"Koogivorm Tradition, lahtikäiv klaaspõhjaga 26 cm, DR.OETKER, 1 tk","16,99 €  16,99 €/tk "
9675,"Laudlina 120x180cm, SUSY CARD, 1 tk","12,99 €  12,99 €/tk "
9676,"Suletekk, POLAR DOWN, 150x210cm","22,90 €  22,90 €/tk "
9677,"Lokitangid,, PHILIPS, 1 tk","4,99 €  4,99 €/tk "
9678,"Triikraud 2100W, Philips, 1 tk","69,90 € 69,90 €/tk "
9679,"Puhastussprei terasele, CIF, 435 ml","109,90 € 109,90 €/tk "
9680,"Elektriline hambhari lastele Junior Pro Sensitive, ORAL-B, 1 tk","22,90 €  22,90 €/tk "
9681,"Suletekk, POLAR DOWN, 220x220cm","44,90 €  44,90 €/tk "
9682,"Külmik A+, RB222D4AW1, HISENSE, 144cm**","4,49 €  10,32 €/l "
9683,"Nintendo SW Spyro Reignited Trilogy, SW SPYRO REIGNITED TRILOGY, 1tk","124,90 € 124,90 €/tk "
9684,"Käsimikser Classic, 5 kiirust, 85W, KITCHENAID, 1tk","199,90 € 199,90 €/tk "
9685,"Kohvimasin, DCF02PBEU, SMEG, 1tk","219,90 €  219,90 €/tk "
9686,"Kohvimasin, DCF02WHEU, SMEG, 1tk","69,90 €  69,90 €/tk "
9687,"Nintendo SW Pokemon Shield, NINTENDO, 1tk","39,90 €  39,90 €/tk "
9688,"PS4 Star Wars: Jedi Fallen Order, EA GAMES, 1tk","99,90 €  99,90 €/tk "
9689,"Hõõglamp ahjule 15W E14 T22, PHILIPS, 1 tk","189,90 €  189,90 €/tk "
9690,"Õhuvärskendaja täide Mint & Grapefruit, AIRWICK BOTANICA, 19 ml","189,90 €  189,90 €/tk "
9691,"Õhuvärskendaja täide Caribbean Sandalwood, AIRWICK BOTANICA, 19 ml","59,90 €  59,90 €/tk "
9692,"Difuuser Island Rose, AIRWICK BOTANICA, 80 ml","69,90 €  69,90 €/tk "
9693,"Pesuloputusvahend Sensual Rose, SILAN, 800 ml","1,99 €  1,99 €/tk "
9694,"Pesugeel Premium Malador Color 18pk, PERSIL, 945 ml","6,99 €  367,89 €/l "
9695,"Pesuloputusvahend Fresh Sky, SILAN, 900 ml","6,99 €  367,89 €/l "
9696,"Triikimissüsteem Minilys, STEAMONE, MI10MW, 1tk","12,99 €  162,38 €/l "
9697,"Tekikott satään, kreem, VERSACE 19.69, 150x210cm","2,99 €  3,74 €/l "
9698,"Spiraliseerija Mr.Twister, SEVERIN, 1 tk","5,99 €  6,34 €/l "
9699,"Triikraud 2100W, PHILIPS, 1tk","2,89 €  3,21 €/l "
9700,"Veekeetja, temp.reg, inox, GRUNDIG, 1,7L","249,90 €  249,90 €/tk "
9701,"Kirves X7, FISKARS","4,99 €  21,70 €/kg "
9702,"Blender 5KSB1565 1,75L, KITCHENAID, 1tk","35,90 € 35,90 €/tk "
9703,"Reisi aurukeskus, STEAMONE, 1tk","24,90 € 24,90 €/tk "
9704,"Elektriradiaator 2000 W, ETA, 1tk","59,90 € 59,90 €/tk "
9705,"Saunakibu 4lt plastsisuga, SIPAKSON, 1tk","34,90 €  34,90 €/tk "
9706,"Tolmuimeja AAAD, SAMSUNG, 1tk","89,90 €  89,90 €/tk "
9707,"Suletekk, POLAR DOWN, 150x210 cm","43,90 €  43,90 €/tk "
9708,"Sulepadi, POLAR DOWN, 50x60cm","199,00 €  199,00 €/tk "
9709,"Külmik A++, NF KGN36VW36, BOSCH, 186cm**","72,90 €  72,90 €/tk "
9710,"Külmik A+++ NF, GBB72SWEFN, LG, 203cm**","49,90 €  49,90 €/tk "
9711,"Pesumasin, EW6S406BX, ELECTROLUX, sügavus 38cm**","15,99 €  15,99 €/tk "
9712,"Kuivati, EW8H458B, ELECTROLUX, 1tk**","79,90 €  79,90 €/tk "
9713,"PMF 220 CE Multifunktsionaalne tööriist, BOSCH, 1tk","79,90 € 79,90 €/tk "
9714,"PSR 1440 Li-2 Akukruvikeeraja, BOSCH, 1tk","149,90 € 149,90 €/tk "
9715,"Külmik A++, GBP31SWLZN.ASWQEUR, LG, 186cm**","44,90 € 44,90 €/tk "
9716,"Veinikülmik, KS9894, SEVERIN, 85cm**","59,90 € 59,90 €/tk "
9717,"Külmik A+, W5911EOX, 201cm, WHIRLPOOL, 1tk**","539,90 €  539,90 €/tk "
9718,"Konsool Nintendo Switch Lite, hall, NINTENDO, 1tk","599,90 €  599,90 €/tk "
9719,"Konsool Nintendo Switch, hall, NINTENDO, 1tk","349,90 €  349,90 €/tk "
9720,"Nintendo SW The Legend of Zelda: Link's Awakening, NINTENDO, 1tk","549,90 €  549,90 €/tk "
9721,"Konsool Nintendo Switch Lite, türkiis, NINTENDO, 1tk","89,90 € 89,90 €/tk "
9722,"Nintendo SW Crash Team Racing Nitro-Fueled, ACTIVISION BLIZZARD, 1tk","104,90 € 104,90 €/tk "
9723,"Konsool Nintendo Switch Lite, kollane, NINTENDO, 1tk","89,90 € 89,90 €/tk "
9724,"Robottolmuimeja, VR10M701BUW/SB, SAMSUNG, 1tk**","119,90 € 119,90 €/tk "
9725,"Espressomasin, 520, NIVONA, 1tk**","449,90 €  449,90 €/tk "
9726,"Robottolmuimeja, VR20M707BWD/SB, SAMSUNG, 1tk**","249,90 €  249,90 €/tk "
9727,"Espressomasin, 769, NIVONA, 1tk**","339,90 €  339,90 €/tk "
9728,"Espressomasin, 820, NIVONA, 1tk**","249,90 €  249,90 €/tk "
9729,"Espressomasin, 970, NIVONA, 1tk**","349,90 €  349,90 €/tk "
9730,"Robottolmuimeja, VR20K9350WK/SB, SAMSUNG, 1tk**","59,90 €  59,90 €/tk "
9731,"Classic mikser 275W, matt must, KITCHENAID, 4,3L","249,90 €  249,90 €/tk "
9732,"Classic mikser 275W, matt valge, KITCHENAID, 4,3L","39,90 €  39,90 €/tk "
9733,"Kohvimasin Classic 1100W, KITCHENAID, 1tk","129,90 €  129,90 €/tk "
9734,"Föön Swiss Turbo 8200 Ionic, VALERA, 1tk","89,90 €  89,90 €/tk "
9735,"SW Luigis Mansion 3, NINTENDO, 1tk","59,90 €  59,90 €/tk "
9736,"Konsool PS4 Slim 1TB+DS4+FIFA 20, 711719975700, SONY, 1tk**","429,90 €  429,90 €/tk "
9737,"Nintendo Switch Ring Fit Adventure, NINTENDO, 1tk","79,90 €  79,90 €/tk "
9738,"Röster, TSF01PBEU, SMEG, 1tk","139,90 €  139,90 €/tk "
9739,"Tsitruspress, CJF01PBEU, SMEG, 1tk","139,90 €  139,90 €/tk "
9740,"Tsitruspress, CJF01WHEU, SMEG, 1tk","139,90 €  139,90 €/tk "
9741,"Veekeetja, KLF03PBEU, SMEG, 1tk","149,90 €  149,90 €/tk "
9742,"Veekeetja, KLF03SSEU, SMEG, 1tk","149,90 €  149,90 €/tk "
9743,"Jääsulataja 4kg, MAYERI, 1tk","8,99 €  8,99 €/tk "
9744,"Nintendo SW Pokemon Sword, NINTENDO, 1tk","59,90 €  59,90 €/tk "
9745,"Nintendo SW Super Mario Odyssey, NINTENDO, 1tk","59,90 €  59,90 €/tk "
9746,"Nintendo SW Donkey Kong Country: Tropical Freeze, NINTENDO, 1tk","59,90 €  59,90 €/tk "
9747,"PS4 Batman Arkham Collection, WARNER BROS., 1tk","59,90 €  59,90 €/tk "
9748,"PS4 Hollow Knight, TEAM CHERRY, 1tk","44,90 €  44,90 €/tk "
9749,"PS4 GRID Day One Edition, CODEMASTERS, 1tk","69,90 €  69,90 €/tk "
9750,"PS4 Plants vs. Zombies: Battle for Neighborville, EA GAMES, 1tk","39,90 €  39,90 €/tk "
9751,"PS4 Witcher 3 GOTY, BANDAI NAMCO ENT., 1tk","34,90 €  34,90 €/tk "
9752,"PS4 Marvel's Spiderman, SONY, 1tk","39,90 €  39,90 €/tk "
9753," PS4 Grand Theft Auto 5 Premium Edition, ROCKSTAR GAMES, 1tk","29,90 €  29,90 €/tk "
9754," PS4 Tetris Effect, SONY, 1tk","39,90 €  39,90 €/tk "
9755,"Pesumasin pealtlaetav, EW7T3272S, ELECTROLUX, 1tk**","429,90 €  429,90 €/tk "
9756,"Pesumasin pealtlaetav, EW6T4061, ELECTROLUX, 1tk**","349,90 €  349,90 €/tk "
9757,"Veekeetja, KLF03WHEU, SMEG, 1tk","149,90 €  149,90 €/tk "
9758,"LED lamp GLS filament 4,2W 827 E27 470lm, ENERGIZER, 1 tk","3,49 €  3,49 €/tk "
9759,"Töösõrmik seanahast, TAMREX, 1 paar","4,99 €  4,99 €/tk "
9760,"Hakklihamasin 720W,valge, MPM, 1tk","49,90 €  49,90 €/tk "
9761,"Pardel 1000seeria S1133/41, PHILIPS, 1tk","34,90 €  34,90 €/tk "
9762,"Pardel 1000seeria S1232/41, PHILIPS, 1tk","46,90 €  46,90 €/tk "
9763,"Pardel 1000seeria S1332/41, PHILIPS, 1tk","54,90 €  54,90 €/tk "
9764,"Nõudepesumasin, DFS26024X, 45cm, BEKO, 1tk**","289,90 €  289,90 €/tk "
9765,"Nõudepesumasin, DFN26422W, laiusega 60cm, BEKO, 1tk**","299,90 €  299,90 €/tk "
9766,"Lillepott Magnolia, LAMELA, d.12cm","0,99 €  0,99 €/tk "
9767,"Pesumasin pealtlaetav, EW6T5061, ELECTROLUX, 1tk**","319,90 €  319,90 €/tk "
9768,"Geelkapslid Sensitive, ARIEL, 26 tk","10,99 €  0,42 €/tk "
9769,"EasyDrill 1200 Akukruvikeeraja, BOSCH, 1tk","72,90 € 72,90 €/tk "
9770,"Pipraveski Virgo 14cm, TESCOMA, 1 tk","89,90 € 89,90 €/tk "
9771,"Soolaveski Virgo 14cm, TESCOMA, 1 tk","19,99 €  19,99 €/tk "
9772,"Puhastusvahend ahjudele ja grillidele, CIF, 435 ml","19,99 €  19,99 €/tk "
9773,"Õhuvärskendaja elektriline Caribbean Sandalwood, AIRWICK BOTANICA, 1 kmpl","4,49 €  10,32 €/l "
9774,"Puhastusvahend Naturals köökidele, CILLIT BANG, 750 ml","8,99 €  8,99 €/tk "
9775,"Pesugeel Premium Malador Universal 18pk, PERSIL, 945 ml","5,49 €  7,32 €/l "
9776,"Pesuloputusvahend Spring Lavender, SILAN, 900 ml","5,99 €  6,34 €/l "
9777,"Nõudepesumasina tabletid Gold, SOMAT, 54 tk","2,89 €  3,21 €/l "
9778,"Mopp ja ämber EasyWring TURBO Ultramat, VILEDA, 1 kmpl","19,99 €  0,37 €/tk "
9779,"Prügikott Multitop 35l lõhnastatud, PACLAN, 20 tk","49,90 €  49,90 €/tk "
9780,"Hauaküünal 20h, POLAR, 1 tk","1,79 €  0,09 €/tk "
9781,"Plekieemaldaja Hygiene, VANISH, 500 ml","0,69 €  0,69 €/tk "
9782,"Üldpuhastusvahend FDF Hibiscus, AJAX, 1 l","2,99 €  5,98 €/l "
9783,"Majapidamispaber Premium Jumbo, 3-kihiline, ZEWA, 1 rl","2,49 €  2,49 €/l "
9784,"Kohvifiltrid nr.4, JEDEN TAG, 100 tk","3,99 €  3,99 €/rl "
9785,"Puhastuskreem Pink Flower, CIF, 780 g","0,99 €  0,01 €/tk "
9786,"Salvrätikud 33x33 cm, 3-kihilised, FASANA, 25 tk","1,49 €  0,06 €/tk "
9787,"Saunaseelik naiste S-L, GÖZZE, 80x136 cm","1,49 €  0,06 €/tk "
9788,"Saunaseelik meeste,S-L, GÖZZE, 50x136 cm","21,90 €  21,90 €/tk "
9789,"Elektriline Woki pann 230V, MUSTANG, 1tk","21,90 €  21,90 €/tk "
9790,"Põrandaventilaator, ECG, 40cm","39,90 € 39,90 €/tk "
9791,"Ventilaator põrand, kõrge/madal, ECG, 1tk","74,90 € 74,90 €/tk "
9792,"Üldpuhastusvahend pihustiga All Care Fresh Mint, MAYERI, 750 ml","99,90 €  99,90 €/tk "
9793,"Prügikott Multitop 60l lõhnastatud, PACLAN, 14 tk","149,90 €  149,90 €/tk "
9794,"Lõhnaküünal klaasis Feel happy 24h, BOLSIUS, 1 tk","2,19 €  2,92 €/l "
9795,"Lõhnaküünal klaasis Get cosy 24h, BOLSIUS, 1 tk","1,79 €  0,13 €/tk "
9796,"Nõudepesuvahend, FAIRY, 350 ml","3,29 €  3,29 €/tk "
9797,"Lõhnaküünal Classic Orange & Spice, AIR WICK, 1 tk","3,29 €  3,29 €/tk "
9798,"Lõhnaküünal Classic Berry Blossom, AIR WICK, 1 tk","4,39 €  12,54 €/l "
9799,"Lõhnateeküünal, TAMMER BRANDS, 6 tk","3,59 €  3,59 €/tk "
9800,"Lõhnaküünal Purple Blackberry, AIR WICK, 1 tk","3,59 €  3,59 €/tk "
9801,"Lõhnaküünal White Vanilla, AIR WICK, 1 tk","0,99 €  0,17 €/tk "
9802,"Lõhnaküünal Pink Sweet, AIR WICK, 1 tk","2,19 €  2,19 €/tk "
9803,"Küürimissvamm, SPONTEX, 10 tk","2,19 €  2,19 €/tk "
9804,"Tärgeldus- ja triikimisvedelik, DR.BECKMANN, 500 ml","2,19 €  2,19 €/tk "
9805,"Eriotstarbelised nõelad, PRYM, 5 tk","1,19 €  0,12 €/tk "
9806,"Käsitöölõng Wool 125 nr.102 natural, SCHACHENMAYR, 50 g","3,79 €  7,58 €/l "
9807,"Käsitöölõng Wool 125 nr.131 cherry, SCHACHENMAYR, 50 g","3,99 €  0,80 €/tk "
9808,"Käsitöölõng Wool 125 nr.193 oatmeal, SCHACHENMAYR, 50 g","2,99 €  59,80 €/kg "
9809,"Käsitöölõng Catania nr.404 sand, SCHACHENMAYR, 50 g","2,99 €  59,80 €/kg "
9810,"Käsitöölõng Catania nr.408 pink tulip, SCHACHENMAYR, 50 g","2,99 €  59,80 €/kg "
9811,"Haaknõelad 1 NI 34mm, PRYM, 16 tk","2,39 €  47,80 €/kg "
9812,"Käsitöölõng Catania, nr.130, SCHACHENMAYR, 50 g","2,39 €  47,80 €/kg "
9813,"Käsitöölõng Catania, nr. 248, li, SCHACHENMAYR, 50 g","1,99 €  0,12 €/tk "
9814,"Käsitöölõng Lisa, RED HEART, 50 g","2,39 €  47,80 €/kg "
9815,"Käsitöölõng Catania 100, SCHACHENMAYR, 50 g","2,39 €  47,80 €/kg "
9816,"Universaalkäärid 21 cm, FISKARS, 1 tk","1,19 €  23,80 €/kg "
9817,"Universaalkäärid, FISKARS, 1 tk","2,39 €  47,80 €/kg "
9818,"Õmbluskäärid FF, FISKARS, 1 tk","19,99 €  19,99 €/tk "
9819,"Elektriline hambahari + tagavara otsik, PEPPA PIG, 1 tk","22,90 €  22,90 €/tk "
9820,"Pesugeel Baby Color, LOVELA, 1,45 l","16,99 €  16,99 €/tk "
9821,"Pesuloputusvahend Emerald & Ivory flower, LENOR, 1,42 l","8,99 €  8,99 €/tk "
9822,"Mahlapress the Nutri Juicer™ Plus, SAGE, 1tk","6,99 €  4,82 €/l "
9823,"Aknapuhastusvahend Floral Fiesta täide, AJAX, 750 ml","4,99 €  3,51 €/l "
9824,"Tolmukotid+filter, SWIRL, 4 tk","259,90 €  259,90 €/tk "
9825,"Pesukumm, 6m","2,29 €  3,05 €/l "
9826,"Haaknõelad, 40 tk","0,99 €  0,99 €/tk "
9827,"Niit, 1000 m","1,39 €  1,39 €/tk "
9828,"LED lamp dekoratiiv P45 320LM E27, POWER, 1 tk","1,19 €  1,19 €/tk "
9829,"LED lamp küünal C38 400LM E14, POWER, 1 tk","1,19 €  1,19 €/tk "
9830,"LED lamp küünal C35 420LM E14, POWER, 1 tk","1,49 €  1,49 €/tk "
9831,"LED lamp GLS 990LM E27, POWER, 1 tk","1,59 €  1,59 €/tk "
9832,"LED lamp dekoratiiv P45 420LM E14, POWER, 1 tk","1,49 €  1,49 €/tk "
9833,"LED lamp GU10 400LM 36°, POWER, 1 tk","1,29 €  1,29 €/tk "
9834,"Röster Severin, valge, SEVERIN, 1tk","19,99 €  19,99 €/tk "
9835,"Tekikott Abigail + 2 padjapüüri, hall, AMO LA CASA, 150x210cm+50x60cm","15,99 € 15,99 €/tk "
9836,"Tekikott Abigail + 2 padjapüüri, helehall, AMO LA CASA, 150x210cm+50x60cm","24,90 € 24,90 €/tk "
9837,"Tekikott Abigail + 2 padjapüüri, sinine, AMO LA CASA, 150x210cm+50x60cm","15,99 € 15,99 €/tk "
9838,"Tekikott Abigail + 2 padjapüüri, roosa, AMO LA CASA, 150x210cm+50x60cm","24,90 € 24,90 €/tk "
9839,"Tekikott Abigail + 2 padjapüüri, roheline, AMO LA CASA, 150x210cm+50x60cm","24,90 € 24,90 €/tk "
9840,"Tekikott Shari + 2 padjapüüri, beež, AMO LA CASA, 150x210cm+50x60cm","24,90 € 24,90 €/tk "
9841,"Tekikott Abigail + 2 padjapüüri, punane/beež, AMO LA CASA, 150x210cm+50x60cm","15,99 € 15,99 €/tk "
9842,"Majapidamispaber poolleht, 2-kihiline, SERLA, 4 rl","24,90 € 24,90 €/tk "
9843,"Mikrokiudlapid rullis, VILEDA, 3 tk","15,99 € 15,99 €/tk "
9844,"Puhastulapp aktiivkiudega, VILEDA, 2 tk","24,90 € 24,90 €/tk "
9845,"Veepehmendi Hygiene, CALGON, 15 tk","15,99 € 15,99 €/tk "
9846,"Veepehmendi Hygiene Geel, CALGON, 750 ml","24,90 € 24,90 €/tk "
9847,"Pindade desinfitseerimisvahend Mountain fresh, LYSOL, 400 ml","15,99 € 15,99 €/tk "
9848,"Pesu desinfitseerimisvedelik, LYSOL, 1,2 l","24,90 € 24,90 €/tk "
9849,"Nõudepesumasina geel All-in-1 Geel Lemon, FINISH, 900 ml","15,99 € 15,99 €/tk "
9850,"Nõudepesumasina geel All-in-1 Eco 0%, FINISH, 900 ml","24,90 € 24,90 €/tk "
9851,"Pindade desinfitseerimisvahend Antibacterial Neutral, MAYERI ALL-CARE, 500 ml","2,99 €  0,75 €/rl "
9852,"Üldpuhastusvahend Antibacterial Neutral, MAYERI ALL-CARE, 750 ml","7,99 €  2,66 €/tk "
9853,"Desinfitseerivad lapid pindadele Neutral, MAYERI ALL-CARE, 100 tk","4,49 €  2,25 €/tk "
9854,"El. Hambaharja Perepakk Vitality White+Kids Frozen, ORAL-B, 1 kmpl","12,99 €  17,32 €/l "
9855,"El. Hambaharja Perepakk Vitality Black+Kids Star Wars, ORAL-B, 1 kmpl","50,90 €  50,90 €/tk "
9856,"Robottolmuimeja V80 W&D Zaco , ZACO, 1tk","5,59 €  13,98 €/l "
9857,"Föön  Valera SWISS SILENT , VALERA, 1tk","5,59 €  4,66 €/l "
9858,"Teler Samsung 65"" QLED, SAMSUNG, 1tk","14,99 €  16,66 €/l "
9859,"Aurukeskus, STEAMONE, 1 tk","14,99 €  16,66 €/l "
9860,"Tualettpaaber, 3-kihiline, LAMBI, 8 rl","4,99 €  9,98 €/l "
9861,"Elektriline hambahari Frozen +vutlar, ORAL-B, 1tk","2,79 €  3,72 €/l "
9862,"Veekeetja the Tea Maker Compact, 1L, SAGE, 1 tk","5,99 €  0,06 €/tk "
9863,"Spordiblender, TEFAL, 1 tk","50,90 €  50,90 €/tk "
9864,"Lavendeli saunaõli, JOH.VÖGELE, 10 ml","50,90 €  50,90 €/tk "
9865,"Kummel-kadaka saunaõli, JOH.VÖGELE, 10 ml","369,90 €  369,90 €/tk "
9866,"Piparmündi saunaõli, JOH.VÖGELE, 10 ml","89,90 €  89,90 €/tk "
9867,"Teeküünalde kinkekomplekt ämbris, POLAR, 1 kmpl","37,90 € 50,53 €/l "
9868,"Geelkapslid Complete Color & Style Bag, ARIEL, 44 tk","119,90 € 119,90 €/tk "
9869,"Geelkapslid Ultra Oxi Bag, ARIEL, 44 tk","149,90 € 149,90 €/tk "
9870,"Padjapüür Standard, TEKSTIILIKOMPANII, 50x60 cm","3,99 €  0,50 €/rl "
9871,"Tekikott Standard, TEKSTIILIKOMPANII, 150x210 cm","25,90 €  25,90 €/tk "
9872,"Tekikott Standard, TEKSTIILIKOMPANII, 220x210 cm","199,90 €  199,90 €/tk "
9873,"Voodilina Standard, TEKSTIILIKOMPANII, 150x240 cm","44,90 €  44,90 €/tk "
9874,"Voodilina Standard, TEKSTIILIKOMPANII, 240x260 cm","4,49 €  449,00 €/l "
9875,"Majapidamispaber Jumbo, SELVER, 1 tk","4,49 €  449,00 €/l "
9876,"Laualamp LED, puutetundlik, Qi juhtmev.laadijaga, NEDIS, 1tk","6,99 € 0,07 €/tk "
9877,"Elektriline hambahari Smile, JORDAN, 1 tk","6,99 € 0,07 €/tk "
9878,"Libedusetõrjekillustik purustatud kergkruusast, BIOLAN, 8 L","15,99 € 0,16 €/tk "
9879,"Libedusetõrjekillustik purustatud kergkruusast, BIOLAN, 25 L","14,99 €  0,34 €/tk "
9880,"Minikasvuhoone turbasambla tablettidega, BIOLAN, 12 tk","14,99 €  0,34 €/tk "
9881,"Turbasamblatabletid täitepakend, BIOLAN, 12 tk","5,29 €  5,29 €/tk "
9882,"Juuksekoolutaja BaByliss 1000W, BABYLISS, 1 tk","29,90 €  29,90 €/tk "
9883,"Termomeeter, KENNER, 1 tk","39,90 €  39,90 €/tk "
9884,"Majapidamispaber, 2-kihiline, LAMBI, 4 rl","12,99 €  12,99 €/tk "
9885,"Majapidamispaber Wisch&Weg Sparblatt, 2-kihiline, ZEWA, 4 rl","19,99 €  19,99 €/tk "
9886,"Tualettpaber, 3-kihiline, SERLA, 24 rl","2,49 €  2,49 €/tk "
9887,"Nõudepesuvahend Sensitive Skin, NEUTRAL, 500 ml","19,99 € 19,99 €/tk "
9888,"Pesupulber Color, MINI RISK, 1,1 kg","49,90 € 49,90 €/tk "
9889,"HULGI Küpsetuspaber 38cmx8m, SELVER, 4 tk","34,90 €  34,90 €/tk "
9890,"HULGI Toidukile 29cmx30m, SELVER, 4 tk","3,49 €  0,44 €/l "
9891,"HULGI WC-poti puhastuvahend Pine 1,5 l, MAYERI, 2 x 750 ml","7,99 €  0,32 €/l "
9892,"HULGI Pesugeel Sensitive 3 l, MAYERI, 2 x 1,5 l","4,99 €  0,42 €/tk "
9893,"HULGI Pesugeelikapslid All- Care Color 72 tk, MAYERI, 2 x 36 tk","3,19 €  0,27 €/tk "
9894,"HULGI Torupuhastusvahend 6 l, TORUSIIL, 6 x 1 l","44,90 €  44,90 €/tk "
9895,"HULGI WC-värskendaja DeLuxe Magnolia 200g, BREF, 2 x 100g","6,99 €  6,99 €/tk "
9896,"HULGI Nõudepesuvahend Balsam Aloe Vera 900ml, PUR, 2 x 450 ml","3,49 €  0,87 €/rl "
9897,"HULGI Nõudepesumasina tabletid All-in-1 126tk, FINISH, 2 x 63 tk","6,99 €  1,75 €/rl "
9898,"HULGI Pesuvahend Color 3,6 l, WOOLITE, 2 x 1,8 l","9,99 €  0,42 €/rl "
9899,"HULGI Pesuvahend Black 3,6 l, WOOLITE, 2 x 1,8 l","3,39 €  6,78 €/l "
9900,"HULGI Nõudepesumasina tabletid 56tk, SELVER, 2 x 26 tk","10,99 €  9,99 €/kg "
9901,"Tolmukotid Micropor, SWIRL, 4 tk","3,60 €  0,90 €/tk "
9902,"Patareid Süsinik-tsink AA, KODAK, 4 tk","3,60 €  0,90 €/tk "
9903,"Patareid Süsinik-tsink D, KODAK, 2 tk","2,50 €  1,67 €/l "
9904,"Patareid Xtralife alkaline AA, KODAK, 10 tk","7,00 €  2,33 €/l "
9905,"Patarei Xtralife alkaline 9V, KODAK, 1 tk","18,00 €  0,25 €/tk "
9906,"Patareid Max liitium CR2032, KODAK, 2 tk","6,50 €  1,08 €/l "
9907,"LED taskulamp Ultra 290+ 3xAAA, KODAK, 1 tk","5,00 €  25,00 €/kg "
9908,"Tulbikimp 15 õiega, , 1 tk","11,99 € 11,99 €/tk "
9909,"Prügikott 35l paelaga, lõhnastatud, PACLAN, 14 tk","17,00 €  0,13 €/tk "
9910,"Prügikott 60l paelaga, lõhnastatud, PACLAN, 10 tk","7,00 €  1,94 €/l "
9911,"Patareid AAA LR03PPG, PANASONIC, 8 tk","7,00 €  1,94 €/l "
9912,"Patareid AA LR6PPG, PANASONIC, 8 tk","5,00 €  0,10 €/tk "
9913,"Platinet laualamp QI laadijaga PDLU1 10W, PLATINET, 1 tk","8,99 €  2,25 €/tk "
9914,"Pildiraam Future 15x21cm, VICTORIA COLLECTION, 1 tk","1,19 €  0,30 €/tk "
9915,"Pindade desinfitseerimisvahend Apple Tree, LYSOL, 400 ml","1,59 €  0,80 €/tk "
9916,"Pindade desinfitseerimisvahend Spring Fresh, LYSOL, 400 ml","3,99 €  0,40 €/tk "
9917,"Joogitopsid öko. 250ml, GO GREEN, 10 tk","2,69 €  2,69 €/tk "
9918,"Pildiraam Trio 15x21cm, VICTORIA COLLECTION, 1 tk","1,79 €  0,90 €/tk "
9919,"Pildiraam Clip 21x29,7cm, VICTORIA COLLECTION, 1 tk","9,99 €  9,99 €/tk "
9920,"Talvekindad Winter Diamond, TAMREX, 9","7,29 €  7,29 €/tk "
9921,"Kindad Winter Diamond, TAMREX, 10","7,29 €  7,29 €/tk "
9922,"Pesuloputusvahend All-Care Asian Flower, MAYERI, 750 ml","2,19 €  2,92 €/l "
9923,"Lõhnaküünal Indigo Garden 35h, HAVI, 1 tk","4,99 €  4,99 €/tk "
9924,"Lõhnaküünal, Melon, ARTMAN CANDLES, 8x9,5 cm","26,90 € 26,90 €/tk "
9925,"Lõhnaküünal, Monsoon, ARTMAN CANDLES, 8x9,5 cm","19,99 € 19,99 €/tk "
9926,"Lõhnaküünal, Sunset, ARTMAN CANDLES, 8x9,5 cm","49,90 € 49,90 €/tk "
9927,"Lõhnaküünal, Black tulip, ARTMAN CANDLES, 8x9,5 cm","14,96 €  14,96 €/kg "
9928,"Lõhnaküünal, Lino blanco, ARTMAN CANDLES, 8x9,5 cm","11,99 €  11,99 €/tk "
9929,"Lõhnaküünal, roosa 61h, ARTMAN CANDLES, 7x8 cm","6,69 €  6,69 €/tk "
9930,"Lõhnaküünal, kreem 61h, ARTMAN CANDLES, 7x8 cm","6,69 €  6,69 €/tk "
9931,"Lõhnaküünal, roheline 61h, ARTMAN CANDLES, 7x8 cm","6,69 €  6,69 €/tk "
9932,"Lõhnaküünal, roosa 145h, ARTMAN CANDLES, 7x19 cm","6,69 €  6,69 €/tk "
9933,"Lõhnaküünal, kreem 145h, ARTMAN CANDLES, 7x19 cm","6,69 €  6,69 €/tk "
9934,"Lõhnaküünal, roheline 145h, ARTMAN CANDLES, 7x19 cm","6,29 €  6,29 €/tk "
9935,"Pesuloputusvahend All-Care Fresh Hibiscus, MAYERI, 750 ml","2,19 €  2,92 €/l "
9936,"Nõudepesumasina kapslid Platinum Lemon, FAIRY, 100 tk","28,90 €  0,29 €/tk "
9937,"WC-värskendaja DeLuxe Jasmine, BREF, 150 g","5,99 €  39,93 €/kg "
9938,"Roosbegoonia , , 1 tk","6,99 €  6,99 €/tk "
9939,"Säntpoolia, ,","4,99 €  4,99 €/tk "
9940,"Krüsanteem potis, ,","4,79 €  4,79 €/tk "
9941,"LED lamp A60 10,5W E27 matt klaas, PHILIPS, 1 tk","7,99 €  7,99 €/tk "
9942,"LED lamp A60 7W E27 806lm filament, PHILIPS, 1 tk","4,99 €  4,99 €/tk "
9943,"LED lamp B38 küünal 7W E14 806lm, PHILIPS, 1 tk","5,49 €  5,49 €/tk "
9944,"LED lamp kodumasinatele 1,7W E14 150lm, PHILIPS, 1 tk","4,99 €  4,99 €/tk "
9945,"LED lamp GLS A60 13W 1350lm, PHILIPS, 1 tk","3,49 €  3,49 €/tk "
9946,"LED lamp küünal B35 6,5W E14 620lm, PHILIPS, 1 tk","2,99 €  2,99 €/tk "
9947,"LED lamp dekoratiiv P45 6,5W E14 620lm, PHILIPS, 1 tk","2,99 €  2,99 €/tk "
9948,"Niisked tualettpaberid Kids 42tk, ZEWA, 42 tk","1,99 €  0,05 €/tk "
9949,"Koorimisnuga 8cm, FISKARS, 1 tk","12,99 €  12,99 €/tk "
9950,"Juurviljanuga 11cm, FISKARS, 1 tk","12,99 €  12,99 €/tk "
9951,"Tomatinuga 12cm, FISKARS, 1 tk","12,99 €  12,99 €/tk "
9952,"Kokanuga 20cm, FISKARS, 1 tk","23,90 €  23,90 €/tk "
9953,"Fileerimisnuga 22cm, FISKARS, 1 tk","23,90 €  23,90 €/tk "
9954,"Potinartsiss suureõieline, , 1 tk","3,99 €  3,99 €/tk "
9955,"Majalipp õhuke, 105X165 cm","9,99 €  9,99 €/tk "
9956,Mastivimpel 6m mastile,"23,90 €  23,90 €/tk "
9957,"Eesti käsilipp väike, 9x14 cm","23,90 €  23,90 €/tk "
9958,"Eesti laualipp puidust alusel, 9x14 cm","19,99 €  42,08 €/kg "
9959,"Autolipp plastvardaga, 25x40 cm","24,99 €  31,24 €/kg "
9960,"Põlvik Cale 20 den 2 paari nero, ELLEDUE, üks suurus","1,49 €  0,75 €/tk "
9961,"Põlvik Cale 20 den 2 paari visone, ELLEDUE, üks suurus","1,49 €  0,75 €/tk "
9962,Teleleht,"1,19 €  1,19 €/tk "
9963,Eesti Ekspress,"2,69 €  2,69 €/tk "
9964,Kroonika,"2,19 €  2,19 tk "
9965,"Koopiapaber Copy A4/500L, Symbio, 1pk","3,19 €  3,19 €/tk "
9966,Naisteleht,"1,99 €  1,99 €/tk "
9967,Maaleht,"1,80 €  1,80 tk "
9968,LP,"1,99 €  1,99 €/tk "
9969,Super Kuma,"2,10 €  2,10 €/tk "
9970,"Proteiinibatoon karamelli & India pähkli, BAREBELLS, 55 g","2,69 €  48,91 €/kg "
9971,"Tintpliiats 0,7, FRIXION, 1tk","2,99 €  2,99 €/tk "
9972,"Šokolaad Tupla Protein, TUPLA, 55 g","1,79 €  32,55 €/kg "
9973,"Värviline paber A4, COLLEGE, 1tk","0,99 €  0,99 €/tk "
9974,"Pastapliiats Joy, CELLO, 1tk","0,29 €  0,29 €/tk "
9975,Suured ruudud,"2,65 €  2,65 €/tk "
9976,"Joonistusplokk A4, COLLEGE, 120g","1,19 €  1,19 €/tk "
9977,Ristik,"1,99 €  1,99 tk "
9978,"Rox batoon krõbeda soolakaramelli, FAST, 55 g","2,29 €  41,64 €/kg "
9979,Kumake RS,"1,80 €  1,80 €/tk "
9980,Ajaleht MK Estonija,"1,70 €  1,70 €/tk "
9981,"Proteiinibatoon Salty Peanut, BAREBELLS, 55 g","2,69 €  48,91 €/kg "
9982,Anne & Stiil,"5,99 €  5,99 €/tk "
9983,"Pastapliiats Joy must, CELLO, 1tk","0,29 €  0,29 €/tk "
9984,"Paber värviline A4, LOTTE, 1tk","1,49 €  1,49 €/tk "
9985,"Liim, Apli PVA, 100g","1,49 €  1,49 €/tk "
9986,Eesti Naine,"5,99 €  5,99 €/tk "
9987,"Kiletasku U/A4, KOHILA, 25 tk/pk","1,39 €  0,06 €/tk "
9988,"Rox batoon Kreemiküpsise valge šokolaadi, FAST, 55 g","2,29 €  41,64 €/kg "
9989,"Harilik pliiats Green, STABILO, 1tk","0,79 €  0,79 €/tk "
9990,"Proteiinibatoon Cookies&Cream, BAREBELLS, 55 g","2,69 €  48,91 €/kg "
9991,"Klaasipesuvedelik -20C etanooliga, MAYERI, 4 l","3,99 €  1,00 €/l "
9992,"Tindipliiats Wricor sin, BRADLEY, 0,7mm","1,69 €  1,69 €/tk "
9993,Kuma Kerge,"1,90 €  1,90 €/tk "
9994,"MAX krõbeda karamelli, FAST,","1,89 €  1,89 €/tk "
9995,"Seebimullitaja, JÄNKU JUSS, 1 tk","0,69 €  0,69 €/tk "
9996,"Vesivärvid Noor Kunstnik, GAMMA, 12 värvi","1,39 €  1,39 €/tk "
9997,"Joonistusplokk ZOO A4 25 lehte , VUNDER, 1tk","1,99 €  1,99 €/tk "
9998,"Guash Klassika, LUCH, 12 tk","4,49 €  0,37 €/tk "
9999,"Plastiliin, LUCH, 12 tk","1,99 €  0,17 €/tk "
10000,"Joonistusplokk ZOO A3 12 lehte, VUNDER, 1tk","2,29 €  2,29 €/tk "
10001,"Protein Pancake Mix Banaani-iirise, FAST, 50 g","1,89 €  37,80 €/kg "
10002,Mida Arstid Sulle Ei Räägi,"3,99 €  3,99 €/tk "
10003,"Naiste sukkpüksid Comfort 20 den, GOLDEN LADY, suurus 5-XL, värv melon","1,99 €  1,99 €/tk "
10004,"Proteiinibatoon Hazelnut & Nougat, BAREBELLS, 55 g","2,69 €  48,91 €/kg "
10005,"Korrektuurroller Addict, M&G, 1tk","0,99 €  0,99 €/tk "
10006,"Mängukaardid, TACTIC, 1 tk","1,99 €  1,99 €/tk "
10007,"40% Protein batoon + BCAA - maapähklivõi, LEADER, 68 g","2,29 €  33,68 €/kg "
10008,"Joonistusplokk A4, LOTTE, 1tk","2,59 €  2,59 €/tk "
10009,"Tindipliiats St.point 88, STABILO, 1tk","0,99 €  0,99 €/tk "
10010,"Kaustik ruuduline, ZOO, 36 lehte","0,89 €  0,89 €/tk "
10011,"Proteiinibatoon küpsise, OLIMP, 64 g","2,59 €  40,47 €/kg "
10012,"Värvilise kartongi plokk, LOTTE, 1 tk","2,19 €  2,19 €/tk "
10013,Oma maitse,"5,49 €  5,49 €/tk "
10014,"Lumehari-jääkaabits teleskoop, BOTTARI,","9,99 €  9,99 €/tk "
10015,Säde,"4,50 €  4,50 €/tk "
10016,"Lõhnakuusk New Car Scent, WUNDER-BAUM, 1tk","1,29 €  1,29 €/tk "
10017,Kodukiri,"4,80 €  4,80 €/tk "
10018,Nunnu,"3,29 €  3,29 €/tk "
10019,"Pliiats Black Peps HB kummiga, MAPED, 6 tk","1,59 €  0,27 €/tk "
10020,"Dokumendiümbrik trukiga A4 läbipaistev, ERICH KRAUSE, 1tk","0,49 €  0,49 €/tk "
10021,"Meeste sokid Friends 5-pakk, 43-46, must","6,99 €  1,40 €/tk "
10022,"Marker St.Write 4all, STABILO, 0,4 mm","2,29 €  2,29 €/tk "
10023,"Pastapliiats Corona II, M&G, 1 tk","0,89 €  0,89 €/tk "
10024,"Pintslikomplekt, TOP POINT, 10 tk","2,69 €  0,27 €/tk "
10025,"Pigiplekkide eemaldaja, CONCEPT, 1 l","4,79 €  4,79 €/l "
10026,"Värviline voltimispaber, HERLITZ, 1 pk","3,99 €  3,99 €/tk "
10027,"40% Protein batoon + BCAA - kookose, LEADER, 68 g","2,29 €  33,68 €/kg "
10028,"Meeste sokid Friends 5-pakk, 39-42, must","6,99 €  1,40 €/tk "
10029,"Voolimismass Das 500G Terrac, DAS, 500 g","2,69 €  2,69 €/tk "
10030,"Pastakas St.Performer Plus F sin/tsin, STABILO, 1tk","1,99 €  1,99 €/tk "
10031,"Naiste sukkpüksid My Beauty Reduxcell 100 den, GOLDEN LADY, suurus 4-L, värv nero","6,99 €  6,99 €/tk "
10032,"Naiste põlvikud 20den, GOLDEN LADY, üks suurus, 2 paari, värv melon","2,19 €  1,10 €/tk "
10033,"Viltpliiatsid Color' Peps, COLOR PEPS, 12 tk","3,99 €  0,33 €/tk "
10034,"Jääkaabits pehme käepidemega, VEROPA,","2,49 €  2,49 €/tk "
10035,"Voolimismass valge 500g, DAS, 1tk","2,69 €  5,38 €/kg "
10036,"Vihik Looming, jooneline, SMEAD, 1tk","0,39 €  0,39 €/tk "
10037,"Kaustik Monocromo Pastel, VUNDER, 1 tk","1,69 €  1,69 €/tk "
10038,"CD-R toorik Freestyle 700MB 52x Slim, OMEGA, 1pk","0,49 €  0,49 €/tk "
10039,"Joonistusplokk A3, LOTTE, 1tk","2,69 €  2,69 €/tk "
10040,"Pastapliiats Rainbow 0.5, sinine, M&G, 1tk","0,79 €  0,79 €/tk "
10041,"Värvipliiatsid, COLOR PEPS, 12 tk","2,39 €  0,20 €/tk "
10042,Kodu ja Aed,"4,99 €  4,99 €/tk "
10043,"Koopiapaber Copy A4/500L, Symbio, 1 kast","14,95 €  0,03 €/tk "
10044,"Jääkaabits Handy, VEROPA, 1 tk","0,99 €  0,99 €/tk "
10045,"Tindipliiats St.Black, STABILO, 1tk","2,39 €  2,39 €/tk "
10046,"Märkmepaber 76x51mm, M&G, 100tk/pk","0,49 €  0,49 €/tk "
10047,"Joonlaud + mall + kolmnurk 2in1, MAPED, 1 kmpl","1,29 €  1,29 €/tk "
10048,"Suruõhk Freestyle PF5130 400ml, PLATINET, 1tk","4,99 €  4,99 €/tk "
10049,"Kaardimäng Must Notsu, LOOVHOOG, 1 tk","6,59 €  6,59 €/tk "
10050,"Protein50 shake Maasika, FAST, 500 ml","3,69 €  7,38 €/l "
10051,"Viltpliiats ColorPeps Jungle 12tk, MAPED","2,99 €  2,99 €/tk "
10052,"Naiste sukkpüksid My Beauty Reduxcell 100 den, GOLDEN LADY, suurus 2-S, värv nero","6,99 €  6,99 €/tk "
10053,"Lõhnakuusk Stars N Stripes, WUNDER-BAUM, 1tk","1,29 €  1,29 €/tk "
10054,Pere ja Kodu,"5,49 €  5,49 €/tk "
10055,"Pastapliiats Options 0.5 sinine, M&G, 1tk","0,79 €  0,79 €/tk "
10056,"Universaalmääre, WD-40, 200 ml","3,79 €  18,95 €/l "
10057,"Lõhnakuusk Black classic, WUNDER-BAUM, 1tk","1,29 €  1,29 €/tk "
10058,"Kaardimäng UNO , GAMES, 1 kmpl","5,99 €  5,99 €/tk "
10059,"Sulgpallireketite komplekt, 1tk","5,59 €  5,59 €/tk "
10060,"Vihik 5x5 ruut, SMEAD, 12 lehte","0,29 €  0,29 €/tk "
10061,"Lauamäng 100 mängu Classic coll, CLASSIC, 1 kmpl","19,99 €  19,99 €/tk "
10062,"Naiste sokid Velato 40den, 2-paar 5HBP099A02 nero üks suurus","3,79 €  3,79 €/tk "
10063,"Joonlaud 20cm Maped, MAPED, 1tk","0,69 €  0,69 €/tk "
10064,"Marker St.memo Boss pastell, STABILO, 1 tk","1,99 €  1,99 €/tk "
10065,"Naiste sukkpüksid My Beauty Reduxcell 100 den, GOLDEN LADY, suurus 5-XL, värv nero","6,99 €  6,99 €/tk "
10066,"Whey Protein 80 – Chocolate, ICONFIT, 1 kg","12,99 €  12,99 €/kg "
10067,"Naiste sukkpüksid Control Body 40den, GOLDEN LADY, 1 paar, suurus XL, värv must","5,49 €  5,49 €/tk "
10068,"Naiste sokid Friends Organic 7101-01-35, Must 35-38","2,49 €  2,49 €/tk "
10069,"Pliiats Black` Peps, MAPED, 3 tk","0,99 €  0,33 €/tk "
10070,"Käärid Maped Zenoa Fit, MAPED, 13 cm","1,89 €  1,89 €/tk "
10071,"DVD+R toorik Freestyle 4,7GB 16x Slim, OMEGA, 1pk","0,49 €  0,49 €/tk "
10072,"Üllatuspakk Näljased lemmikud, LITTLEST PET SHOP, 1 tk","5,99 €  5,99 €/tk "
10073,"Kaabel Lightning-USB 1m punutud must, OMEGA, 1tk","12,99 €  12,99 €/tk "
10074,"Naiste sokid Velato 40den, 2-paar 5HBP001A02 melon üks suurus","3,79 €  3,79 €/tk "
10075,"Sirklikarp Study 2 osa. MAPED, 1tk","2,29 €  2,29 €/tk "
10076,"Kiletasku A4. KOHILA, 10tk/pk","0,79 €  0,08 €/tk "
10077,"Viltpliiats Turbo, GIOTTO, 12 tk","2,49 €  0,19 €/tk "
10078,"Viltpliiats Turbo, GIOTTO, 24 tk","4,99 €  0,21 €/tk "
10079,"Kaustik Nature Flowers A5, PIGNA, 42 lehte","0,89 €  0,89 €/tk "
10080,"Kaustik Monocromo Black A5 ruut, PIGNA, 1tk","0,99 €  0,99 €/tk "
10081,"Protein50 shake Vanilje, FAST, 500 ml","3,69 €  7,38 €/l "
10082,"Joonlaudade komplekt, MAPED, 4 osaline","0,79 €  0,79 €/tk "
10083,"Värviline kartong College A4, ühepoolne","0,99 €  0,99 €/tk "
10084,"Kaustik Valemivihik Matemaatika, REALISTER, 36 lehte","1,69 €  1,69 €/tk "
10085,"Palett ColorPeps plastik blistril, MAPED, 1 tk","1,59 €  1,59 €/tk "
10086,"Voolimismass My first Modeling X4, MAPED CREATIV, 4x140g","5,99 €  5,99 €/tk "
10087,"Barbie värviüllatus nukk, BARBIE, 1 tk","24,90 €  24,90 €/tk "
10088,"Proteiinibatoon šokolaadi, LEADER, 55 g","2,79 €  50,73 €/kg "
10089,"Meeste sokid Eesti lipuga, suurus 41-44, ETNO, 1 paar, värvus must","2,79 €  2,79 €/tk "
10090,"Meeste sokid 44-46, FRIENDS, 1 paar","1,99 €  1,99 €/tk "
10091,"Naiste sukkpüksid Bodytonic 70 den, GOLDEN LADY, 1 paar, XL","8,99 €  8,99 €/tk "
10092,"Naiste põlvikud Cia 20den, GOLDEN LADY, 2paari, värv melon","2,49 €  1,25 €/tk "
10093,"Naiste sukkpüksid 40den, GOLDEN LADY, 1 paar, suurus XL, värv melon","5,49 €  5,49 €/tk "
10094,"Kolmnurk 60o 21cm, MAPED, 1tk","0,69 €  0,69 €/tk "
10095,"Veljepuhastusvahend, ASTONISH, 750 ml","2,99 €  3,99 €/l "
10096,"Lauamäng Tsirkus, TACTIC, 1 tk","7,99 €  7,99 €/tk "
10097,"Lauamäng Reis ümber maailma, TACTIC, 1 tk","7,99 €  7,99 €/tk "
10098,"Universaalõli, WD-40, 100 ml","3,19 €  31,90 €/l "
10099,"Plastiliin Patplume Fluo, GIOTTO, 8x33 gr","5,99 €  0,75 €/tk "
10100,"Creatine, FAST, 250g","12,99 €  51,96 €/kg "
10101,"Elite lisalaengud, NERF, 12 tk","5,89 €  0,49 €/tk "
10102,"Naiste põlvikud 20den, GOLDEN LADY,üks suurus, 2 paari, värv nero","2,19 €  1,10 €/tk "
10103,"Teritaja Ergonomic 2-auguga, MAPED, 1tk","1,39 €  1,39 €/tk "
10104,"Sheiker, FAST, 1tk","4,99 €  4,99 €/tk "
10105,"Tasku-värvimisraamat 3D, TOP MODEL","5,29 €  5,29 €/tk "
10106,"Tindipliiats St.palette, STABILO, 1tk","2,19 €  2,19 €/tk "
10107,"Üllatuspakk lõhnava loomakesega, PIKMI POPS, 1 tk","8,29 €  8,29 €/tk "
10108,"Õlipastell ColorPeps, MAPED, 12tk","2,99 €  0,25 €/tk "
10109,"Naiste sukkpüksid Leda 20den, GOLDEN LADY, suurus 3, värv visone","1,29 €  1,29 €/tk "
10110,"Naiste sukkpüksid Control Body 40den, GOLDEN LADY, 1 paar, suurus M, värv melon","5,49 €  5,49 €/tk "
10111,"Naiste sukkpüksid 40den, GOLDEN LADY, 1 paar, suurus L, värv melon","5,49 €  5,49 €/tk "
10112,"Naiste sukkpüksid 40den, GOLDEN LADY, 1 paar, suurus L, värv must","5,49 €  5,49 €/tk "
10113,"Naiste sokid Friends 3-pakk, 39-42, valge","4,79 €  1,60 €/tk "
10114,"Joonlaud Flex, MAPED, 30 cm","1,19 €  1,19 €/tk "
10115,"Viltpliiatsid Color' Peps, MAPED, 18 tk","5,29 €  5,29 €/tk "
10116,"Leotuspesuvedelik Delta Force pihustiga, CONCEPT, 1 l","2,99 €  2,99 €/l "
10117,"Mudelautod, HOT WHEELS, 5 tk","11,99 €  11,99 €/tk "
10118,"Magnetmäng Laevade pommitamine, THE PURPLE COW, 1 tk","6,99 €  6,99 €/tk "
10119,"Õhuvärskendaja Black Ice, WUNDERBAUM, 1 tk","2,99 €  2,99 €/tk "
10120,"Spiraalmärkmik Glance Vivid ruut, ERICH KRAUSE, A6/60","1,19 €  1,19 €/tk "
10121,"Notebook Flexi (täpp), TIMER, 1tk","5,99 €  5,99 €/tk "
10122,"Proteiinibatoon karamelli-soolapähkli, LEADER, 55 g","2,79 €  50,73 €/kg "
10123,"Naiste sukkpüksid 70 den, GOLDEN LADY, 1 paar, suurus M, värv must","8,99 €  8,99 €/tk "
10124,"Naiste sukkpüksid Leda 20den, GOLDEN LADY, suurus 4, värv visone","1,29 €  1,29 €/tk "
10125,"Naiste sukkpüksid Control Body 40den, GOLDEN LADY, 1 paar, suurus M, värv must","5,49 €  5,49 €/tk "
10126,"Naiste põlvikud Ciao, 20 den, GOLDEN LADY, 2 paari (sile), värv nero","2,49 €  1,25 €/tk "
10127,"Meeste spordisokid Coolmax, suurus 41-44, SUVA, värvus valge","2,49 €  2,49 €/tk "
10128,"Naiste sokid Friends 3-pakk, 35-38, must","4,79 €  1,60 €/tk "
10129,"Naiste sokid Friends 3-pakk, 35-38, valge","4,79 €  1,60 €/tk "
10130,"Joonlaud Flex, MAPED, 20 cm","0,99 €  0,99 €/tk "
10131,"Vihikukile iseliimuv 3,0x0,5m, Apli, 1 rull","2,99 €  2,99 €/tk "
10132,"Nutimäng kuubik Ruubiku Kuubik, RUBIK'S, 1 tk","16,99 €  16,99 €/tk "
10133,"Mälupulk Ultima U02 8GB must, SILICON POWER, 1tk","6,99 €  6,99 €/tk "
10134,"Naiste sukkpüksid Bodytonic 70 den, GOLDEN LADY, 1 paar, suurus L, värv must","8,99 €  8,99 €/tk "
10135,"Meeste sokid Eesti lipuga, õhuke 8276-39A29100 must 41-44","2,59 €  2,59 €/tk "
10136,"Naiste sokid 7121-08-39 Friends, Helehall melanž, suurus 39-42","3,79 €  3,79 €/tk "
10137,"Klambrilööja+400 klambrit, MAPED, 1tk","2,69 €  2,69 €/tk "
10138,"Marker St.Write 4all, STABILO, 0.4 mm","2,29 €  2,29 €/tk "
10139,"Lauamäng Memo Metsloomad, TACTIC, 1 tk","6,79 €  6,79 €/tk "
10140,"Väike rada, HOT WHEELS, 1 tk","9,19 €  9,19 €/tk "
10141,"Burgeripidu plastiliini komplekt, PLAY DOH, 1tk","15,99 €  15,99 €/tk "
10142,"Nurgakummiga plastmapp A4 NEON, ERICH KRAUSE, 1tk","1,19 €  1,19 €/tk "
10143,"Nukk ja loomake, ENCHANTIMALS, 1 tk","13,99 €  13,99 €/tk "
10144,"Raadiosaatjad lastele +/- 80m, JOHNTOY, 1 kmpl","14,99 €  14,99 €/tk "
10145,"Kleepsud numbrid, STICK'N, 1tk","4,59 €  4,59 €/tk "
10146,"Notebook A5 Flexi (täpp), TIMER, 1tk","6,49 €  6,49 €/tk "
10147,"Pehmete laengutega püss Alpha Strike Fang, NERF, 1 tk","6,49 €  6,49 €/tk "
10148,"Lauamäng Eesti Alias, TACTIC, 1 tk","19,99 €  19,99 €/tk "
10149,"Proteiinisheik maasika, BAREBELLS, 330 ml","3,29 €  9,97 €/l "
10150,"Vadakuvalk Hera80 mustika-vanilje, FAST, 500 g","19,99 €  39,98 €/kg "
10151,"Naiste pöiad Fresh microfibra, GOLDEN LADY, suurus S-M, 1 paar, värv naturale","3,49 €  3,49 €/tk "
10152,"Naiste sukkpüksid 40den, GOLDEN LADY, 1 paar, suurus S, värv melon","5,49 €  5,49 €/tk "
10153,"Naiste sukkpüksid Comfort 20 den, GOLDEN LADY, nero, suurus M","2,69 €  2,69 €/tk "
10154,"Naiste bambussokid lillemotiiviga Friends, 39-42, must","2,79 €  2,79 €/tk "
10155,"Klambrilööja Ergologic Standard, MAPED, 1tk","5,69 €  5,69 €/tk "
10156,"Puhastusvahend nahale, TURTLE WAX, 500 ml","7,49 €  14,98 €/l "
10157,"Täitepliiats Blackpeps automatic 0,5 + terad, MAPED, 1kmpl","1,59 €  1,59 €/tk "
10158,"Kaustik A5 Monocromo Black, PIGNA, 1tk","0,99 €  0,99 €/tk "
10159,"Tekstiilipuhastusvahend harjaga, TURTLE WAX GREEN LINE, 400 ml","7,29 €  18,23 €/l "
10160,"Marker St.memo Boss pastell, STABILO, 1tk","1,99 €  1,99 €/tk "
10161,"Nurgakummiga plastmapp A4 Glance Vivid, ERICH KRAUSE, 1 tk","1,09 €  1,09 €/tk "
10162,"Kaabel USB-microUSB 1m punutud must, OMEGA, 1tk","7,99 €  7,99 €/tk "
10163,"Värvipliiats ColorPeps Animal, MAPED, 18tk","4,19 €  0,23 €/tk "
10164,"Glitterliim ColorPeps 9x10.5ml, MAPED, 1kmpl","3,19 €  3,19 €/tk "
10165,"Lumehari-jääkaabits Frost polükarbonaat, VEROPA,","4,99 €  4,99 €/tk "
10166,"Proteiinisheik šokolaadi, BAREBELLS, 330 ml","3,29 €  9,97 €/l "
10167,"Meeste sokid Eesti lipuga, ETNO, 41-44, valge","2,79 €  2,79 €/tk "
10168,"Naiste sokid, 3-paar 7301-20-39 virsik/hall/tumesinine 39-42","4,79 €  1,60 €/tk "
10169,"Naiste pöiad Fresh microfibra, GOLDEN LADY, suurus M-L, 1 paar, värv naturale","3,49 €  3,49 €/tk "
10170,"Naiste sukkpüksid Control Body 40den, GOLDEN LADY, 1 paar, suurus S, värv must","5,49 €  5,49 €/tk "
10171,"Meeste sokid Sunny Side 3-paari, 6461-15-43, sinine/hall/must, suurus 43-46","3,99 €  1,33 €/tk "
10172,"Harilik pliiats Easy Graph, STABILO, 2 tk","4,49 €  2,25 €/tk "
10173,"Auguraud Essentials Metal, MAPED, 1tk","2,69 €  2,69 €/tk "
10174,"MINISTER LUX Päev, TIMER, 155x215mm","10,99 €  10,99 €/tk "
10175,"Numbrirong, 6174759, LEGO, 1 tk","19,99 €  19,99 €/tk "
10176,"Tekstimarker Frixion Light, PILOT, 1kmpl","4,39 €  4,39 €/tk "
10177,"Joogipudel, FAST","4,99 €  4,99 €/tk "
10178,"Vererõhumõõtja, BEURER, 1tk","35,90 €  35,90 €/tk "
10179,"Lauamäng memory Auto brändid, DINO, 1 tk","4,99 €  4,99 €/tk "
10180,"Arvuthiir Kappa must, SPEEDLINK, 1tk","6,99 €  6,99 €/tk "
10181,"Ekspander digitaalse loenduriga, BODYSCULPTURE, 1tk","7,99 €  7,99 €/tk "
10182,"Naiste sokid, 3-paar 7301-20-36 virsik/hall/tumesinine 35-38","4,79 €  1,60 €/tk "
10183,"Naiste sokid, 15 den, GOLDEN LADY, üks suurus, 2 paari, värv melon","2,29 €  1,15 €/tk "
10184,"Naiste sukkpüksid Comfort 20 den, GOLDEN LADY, nero, suurus S","2,69 €  2,69 €/tk "
10185,"Naiste sokid Friends 3-pakk, 39-42, must","4,79 €  1,60 €/tk "
10186,"Naiste bambussokid Friends 3-paari, 7391-02-35, Tumesinine, suurus 35-38","6,99 €  2,33 €/tk "
10187,"Naiste bambussokid Friends 3-paari, 7391-02-39, Tumesinine, suurus 39-42","6,99 €  2,33 €/tk "
10188,"Mapp A5 kummiga, VIQUEL, 1 tk","1,99 €  1,99 €/tk "
10189,"Vihik 12 lehte, SMEAD, 1tk","0,29 €  0,29 €/tk "
10190,"KANTSLER Spiral Nädal, TIMER, 145x185mm","5,59 €  5,59 €/tk "
10191,"Vihmaeemaldaja, TURTLE WAX, 300 ml","6,99 €  23,30 €/l "
10192,"Mapp kummiga Nature, PIGNA, 1tk","4,59 €  4,59 €/tk "
10193,"Sirklikarp 3osa, MAPED, 1tk","3,89 €  3,89 €/tk "
10194,"Õhuvärskendaja pudel Menthol, WUNDER-BAUM,1 tk","3,99 €  3,99 €/tk "
10195,"Käärid Advanced Green, MAPED, 17 cm","2,19 €  2,19 €/tk "
10196,"Akupank 5200mAh, OMEGA, 1 tk","12,99 €  12,99 €/tk "
10197,"Kõlar BT+FM raadio V3.0 Alu, must , OMEGA, 1 tk","12,99 €  12,99 €/tk "
10198,"Marker St.memo Boss pastell türkiis, STABILO, 1 tk","1,99 €  1,99 €/tk "
10199,"Nukk Bunny, ENCHANTIMALS, 1 tk","13,99 €  13,99 €/tk "
10200,"Lauamäng, MONOPOLY, 1 tk","36,90 €  36,90 €/tk "
10201,"Helkur kleebised, SALZMANN, 1tk","3,49 €  3,49 €/tk "
10202,"Arvutihiir Kappa Wireless must, SPEEDLINK, 1tk","9,99 €  9,99 €/tk "
10203,"Nurgakummiga plastmapp Dots, ERICH KRAUSE, 1tk","1,99 €  1,99 €/tk "
10204,"Notebook A5 Flex, spiraalköide, ruut, TIMER, 1tk","14,99 €  14,99 €/tk "
10205,"Pehmete laengutega püss Alpha Strike Wolf , NERF, 1 tk","13,99 €  13,99 €/tk "
10206,"Mistakos lauamäng, TREFL, 1 tk","13,99 €  13,99 €/tk "
10207,"Proteiinisheik vanilje, BAREBELLS, 330 ml","3,29 €  9,97 €/l "
10208,"Naiste sukkpüksid Leda 20den, GOLDEN LADY, suurus 2, värv visone","1,29 €  1,29 €/tk "
10209,"Naiste sukkpüksid Comfort 20 den, GOLDEN LADY, nero, suurus L","2,69 €  2,69 €/tk "
10210,"Minimärkmik PVC, TIMER, 85x140mm","4,39 €  4,39 €/tk "
10211,"Kalendermärkmik Spirex, TIMER, 105x157mm","4,99 €  4,99 €/tk "
10212,"Meeste sokid Sunny Side 3-paari, 6461-15-39, sinine/hall/must, suurus 39-42","3,99 €  1,33 €/tk "
10213,"Lauamäng Doomino, TACTIC, 1 tk","8,59 €  8,59 tk "
10214,"Noodivihik A5, SULEMEES, 16 lehte","0,35 €  0,35 €/tk "
10215,"Vihikukile eemaldatav, APLI, 1tk","1,19 €  1,19 €/tk "
10216,"Midimärkmik FLEXI Nädal H, TIMER, 100x176mm","8,99 €  8,99 €/tk "
10217,"Teritaja 1 auguga Croc Croc Innovation, MAPED, 1tk","1,69 €  1,69 €/tk "
10218,"Seltskonnamäng EGO, TREFL, 1 tk","19,99 €  19,99 €/tk "
10219,"Õhujalgpall AeroSoccer valgusega, HKTEC, 1 tk","12,59 €  12,59 €/tk "
10220,"Plastmapp ringlukuga GLANCE CLEAR A4, ERICH KRAUSE, 1tk","2,99 €  2,99 €/tk "
10221,"Rõngaskaas A4 Buttons, ERICH KRAUSE, 1 tk","1,89 €  1,89 €/tk "
10222,"Nukk ja hirv, ENCHANTIMALS, 1 tk","13,99 €  13,99 €/tk "
10223,"Gluey liim värvilised läikega, BOSCH, 20x70mm","4,99 € 4,99 €/tk "
10224,"Helkurriba valge, SALZMANN, 1tk","6,99 € 6,99 €/tk "
10225,"Värvi Ise pildid Animals, STICK'N, 1tk","2,29 €  2,29 €/tk "
10226,"Puhastusvaht plastikule, PLATINET, 1tk","4,29 €  4,29 €/tk "
10227,"Cyberverse ühe sammuga transformeeruv kuju, TRANSFORMERS, 1 tk","17,99 €  17,99 €/tk "
10228,"Pehmete laengutega püss Fortnite Microshot, NERF, 1 tk","12,49 €  12,49 €/tk "
10229,"Pehmete laengutega püss Alpha Strike Stinger, NERF, 1 tk","4,29 €  4,29 €/tk "
10230,"Laste sokid angoora villaga 6452A1647, 25-27 valge","3,49 €  3,49 €/tk "
10231,"Vadakuvalk Whey Protein Šokolaadi-karamelli, LEADER, 500 g","13,99 €  27,98 €/kg "
10232,"Lauamäng Scrabble eesti keelne, GAMES, 1 tk","30,90 €  30,90 €/tk "
10233,"NÕUNIK Päev, TIMER, 120x155mm","5,99 €  5,99 €/tk "
10234,"Meeste sokid 40-43, FRIENDS, 1 paar","1,99 €  1,99 €/tk "
10235,"MINISTER Trend Nädal H, TIMER, 170x225mm","17,99 €  17,99 €/tk "
10236,Naiste sukkpüksid Comfort 20den 38FUT099A05 nero XL,"2,69 €  2,69 €/tk "
10237,"KANTSLER Spirex Nädal, TIMER, 155x200mm","12,99 €  12,99 €/tk "
10238,"Midimärkmik Lux Nädal H, TIMER, 90x170mm","5,59 €  5,59 €/tk "
10239,Naiste sokid Organic 7101-01-39 Must 39-42,"2,49 €  2,49 €/tk "
10240,"Helkur lumehelves 3M, SALZMANN, 1tk","2,19 €  2,19 €/tk "
10241,"Märkmik A6 kuldne metallik, BRUNNEN, 1tk","5,99 €  5,99 €/tk "
10242,"Raamatupaber, LOTTE, 1rull ","1,89 €  1,89 €/tk "
10243,"Seltskonnamäng Twister, HASBRO, 1 tk","29,90 €  29,90 €/tk "
10244,"Õhuvärskendaja pudel Coconut, WUNDER-BAUM, 1tk","3,99 €  3,99 €/tk "
10245,"Värvipliiats ColorPeps, MAPED, 36 tk","6,99 €  0,19 €/tk "
10246,"Laste sokid angoora basic, SUVA, 28-30 naturaalvalged","3,49 €  3,49 €/tk "
10247,"Lauamäng 5 sekundit juunior, TREFL, 1 tk","19,99 €  19,99 €/tk "
10248,"Pliiats Groove Slim, LYRA, 1 tk","1,59 €  1,59 €/tk "
10249,"Nurgakummiga plastmapp A5+, ERICH KRAUSE, 1tk","0,99 €  0,99 €/tk "
10250,"Plastmapp ringlukuga Glance Neon A4+, Erich Krause, 1 tk","2,99 €  2,99 €/tk "
10251,"Märkmik A6 hõbe metallik, BRUNNEN, 1tk","5,99 €  5,99 €/tk "
10252,"Märkmik A6 roosa kuld metallik, BRUNNEN, 1tk","5,99 €  5,99 €/tk "
10253,"Kleepsud tähestik, STICK'N, 1tk","4,59 €  4,59 €/tk "
10254,"Värvi Ise pildid Aquatic Animals, STICK'N, 1tk","4,29 €  4,29 €/tk "
10255,"Kapten Ameerika: Outriderite rünnak, 76123, LEGO, 1 tk","31,90 €  31,90 €/tk "
10256,"Sõõrikute valmistamise komplekt, PLAY-DOH, 1kmpl","16,49 €  16,49 €/tk "
10257,"KANTSLER Päev, TIMER, 140x190mm","7,99 €  7,99 €/tk "
10258,"Kalendermärkmik A6, TIMER, 108x153mm","4,99 €  4,99 €/tk "
10259,"MINISTER Nädal H, TIMER, 155x215mm","6,99 €  6,99 €/tk "
10260,"Midi sisu Nädal H, TIMER, 95x168mm","4,99 €  4,99 €/tk "
10261,Naiste sukkpüksid Bodytonic 70den 121FFF099A02 nero S,"8,99 €  8,99 €/tk "
10262,"Meeste spordisokid Coolmax, suurus 41-44, SUVA, 1 paar","2,49 €  2,49 €/tk "
10263,"Naiste bambussokid lillemotiiviga Friends, 35-38, must","2,79 €  2,79 €/tk "
10264,"Naiste sukkpüksid My Beauty Reduxcell 100 den, GOLDEN LADY, suurus 3-M, värv nero","6,99 €  6,99 €/tk "
10265,"Lauakalkulaator EL-144TBL, SHARP, 1tk","11,99 €  11,99 €/tk "
10266,"Naiste sokid 7121-08-35 Friends, Helehall melanž, suurus 35-38","3,79 €  3,79 €/tk "
10267,Raamatupaber 50cmx 3m ,"1,89 €  1,89 €/tk "
10268,"Silikoonmääre, SUPER HELP, 400 ml","3,29 €  8,23 €/l "
10269,"Etikett vihikule, APLI, 5tk","1,19 €  0,24 €/tk "
10270,"Hambaarst, PLAY DOH, 1tk","25,90 €  25,90 €/tk "
10271,"Mängukaardid Taskutark. EV 100, LOOVHOOG, 1 tk","5,99 €  5,99 €/tk "
10272,"Lauamäng Kullajaht, TACTIC, 1 tk","15,99 €  15,99 €/tk "
10273,"Elektrooniline lauamäng pangakaartidega, MONOPOLY, 1 tk","49,90 €  49,90 €/tk "
10274,"Geelipliiats Gray Matter 0.35 kuusnurkne sinine, M&G, 1 tk","0,79 €  0,79 €/tk "
10275,"Pastapliiats Stick&Grip, ERICH KRAUSE, 4 tk","0,69 €  0,17 €/tk "
10276,"Lauamäng Kirbumäng, LOOVHOOG, 1 tk","16,99 €  16,99 €/tk "
10277,"MINI sisu Nädal, TIMER, 73x135mm","3,59 €  3,59 €/tk "
10278,"Kaasaskantav kõlar Go 2, IPX7, t.sinine, JBL, 1tk","34,90 €  34,90 €/tk "
10279,"Helkur karu, SALZMANN, 1tk","0,89 €  0,89 €/tk "
10280,"MINISTER Päev Spirex, TIMER, 170x225mm","15,99 €  15,99 €/tk "
10281,"Kantsler Päev Spirex, TIMER, 155x200mm","13,99 €  13,99 €/tk "
10282,"Nõunik Duo, TIMER, 120x155mm","5,59 €  5,59 €/tk "
10283,"Delux moenukk, FROZEN, 1 tk","49,90 €  49,90 €/tk "
10284,"Minister Päev, TIMER, 155x215mm","7,99 €  7,99 €/tk "
10285,"Minister PVC Päev, TIMER, 155x216mm","8,99 €  8,99 €/tk "
10286,"Vadakuvalk Hera80 šokolaadi, FAST, 500 g","19,99 €  39,98 €/kg "
10287,"Mister Flexi Nädal H, TIMER, 170x221mm","17,99 €  17,99 €/tk "
10288,"Värvi Ise pildid Happy Hour, STICK'N, 1tk","6,49 €  6,49 €/tk "
10289,"Värvi Ise pildid Happy Village, STICK'N, 1tk","6,49 €  6,49 €/tk "
10290,"Helkur lumehelves, SALZMANN, 1tk","0,89 €  0,89 €/tk "
10291,"Kalendermärkmik Mini Timex, TIMER, 125x140mm","14,99 €  14,99 €/tk "
10292,"KANTSLER Nädal, TIMER, 140x190mm","5,99 €  5,99 €/tk "
10293,"Värvi Ise pildid Furry Friends, STICK'N, 1tk","6,49 €  6,49 €/tk "
10294,"Täidetud pinal 31 osa, HERLITZ, 1tk","14,99 €  14,99 €/tk "
10295,"Pinal 2 lukuga Girls, HERLITZ, 1tk","7,99 €  7,99 €/tk "
10296,"Raamatukile easy cover, HERLITZ, 1tk","4,59 €  0,92 €/tk "
10297,"Minimärkmik A8, TIMER, 72x110mm","4,39 €  4,39 €/tk "
10298,"Midimärkmik Spirex Nädal V, TIMER, 100x170mm","5,99 €  5,99 €/tk "
10299,"Naiste sokid angoora villaga Halliste, SUVA, 37-40","2,29 €  4,58 €/l "
10300,"Naiste kodusussid piduritega, SUVA, 37-40 helehall","29,90 €  29,90 €/tk "
10301,"Lauakolmnurk, TIMER, 210x140mm","3,69 €  3,69 €/tk "
10302,"Lauakolmnurk Estonia, TIMER, 210x140mm","3,99 €  3,99 €/tk "
10303,"Jääkraabits Handy kindaga, VEROPA, 1 tk","5,99 €  5,99 €/tk "
10304,"Jääsulataja, TURTLE WAX, 500 ml","3,49 €  6,98 €/l "
10305,Eestimaa mäng,"36,90 €  36,90 €/tk "
10306,"Mulliga mänguasjade valmistamise komplekt, PIKMI POPS, 1 kmpl","36,90 €  36,90 €/tk "
10307,"Kõrvaklapid Adidas, valge/must, MONSTER, 1tk","49,90 € 49,90 €/tk "
10308,"Kõrvaklapid Adidas, must, MONSTER, 1tk","99,90 € 99,90 €/tk "
10309,"Puldiga juhitav hiir, GERARDO´S TOYS, 1 tk","49,90 € 49,90 €/tk "
10310,"Silikoonpulk autole, TURTLE WAX, 38 ml","99,90 € 99,90 €/tk "
10311,"Üllatuspakk Õnnelikud lemmikud, LITTLEST PET SHOP, 1 tk","17,99 €  17,99 €/tk "
10312,"Naiste põlvikud Gambaletto Ly 15den, GOLDEN LADY, üks suurus, värv melon","3,99 €  105,00 €/l "
10313,"Rippkiik narmastega, 200x100cm","8,29 €  8,29 €/tk "
10314,"Hoiatustuli LED, punane, KENNER, 1tk","2,19 €  1,10 €/tk "
10315,"Telefonihoidik autosse Lime, must, OMEGA, 1tk","9,99 € 9,99 €/tk "
10316,"Naiste sukkpüksid Leda 20den, GOLDEN LADY, värv nero, suurus 2","21,90 € 21,90 €/tk "
10317,"Sokid Velato 20 den, Golden Lady, 1 suurus, melon","3,99 €  3,99 €/tk "
10318,"Sokid Velato 20 den, GOLDEN LADY, 1 suurus, nero","9,99 €  9,99 €/tk "
10319,"Naiste sokid Sporty, 2-paari, GOLDEN LADY, grigio melange S/M-36/40","1,29 €  1,29 €/tk "
10320,"Naiste sokid Socquette claro 15den, POMPEA, üks suurus","3,49 €  1,75 €/tk "
10321,"Põlvikud FASHINATION 2 tk skin, DIM, 1 suurus","3,49 €  1,75 €/tk "
10322,"Sokid FASHINATION 2 tk skin, DIM BASIC, 1 suurus","6,99 €  6,99 €/tk "
10323,"Naiste sokid Cale 20den 2p, L'ELLEDUE, üks suurus","1,79 €  0,90 €/tk "
10324,"Meeste töösokid kõrge säärega, CAT, 41-45/ 3 paar","9,99 €  3,33 €/tk "
10325,"Meeste töösokid madala säärega 3 paari, CAT, 39-42 , värv must","7,99 €  2,66 €/tk "
10326,"Meeste töösokid madala säärega 3 paari, CAT, 43-46, värv must","7,99 €  2,66 €/tk "
10327,"Naiste sokid madalad 2 paari, BOLERO, 36-40, värv valge sinine täpp","2,99 €  1,50 €/tk "
10328,"Naiste sokid triibulised BW658/49, BOLERO, hall/triip 36-40","1,99 €  1,99 €/tk "
10329,"Pikniku komplekt 3-le, DANTOY, 1kmpl","13,99 €  13,99 €/tk "
10330,"Metallist auto BMW Politsei, WELLY, 1 tk","6,49 €  6,49 €/tk "
10331,"Pall Unicorn, MONDO, 1 tk","2,79 €  2,79 €/tk "
10332,"Jalgpall Ronaldo, STAR, 1 tk","2,99 €  2,99 €/tk "
10333,"Lauamäng Dobble, DOBBLE CLASSIC, 1 tk","16,99 €  16,99 €/tk "
10334,"Mullitaja Frozen 2,FROZEN , 1 tk","2,49 €  2,49 €/tk "
10335,"Kaustik A4 jooneline 50 lehte Forza della Natura, PIGNA, 1tk","1,79 €  1,79 €/tk "
10336,"Marker Maped Permanent Custom Thin must blistril, MAPED, 1tk","0,79 €  0,79 €/tk "
10337,"Matkamadrats, INTEX, 67x184x17cm","17,99 €  17,99 €/tk "
10338,"Hornet elektriline lauagrill, MUSTANG , 1300W","29,90 € 29,90 €/tk "
10339,"Elektriline grill 2000W, MUSTANG, 1tk","54,90 € 54,90 €/tk "
10340,"Freestyle juhtmevabad kõrvaklapid + mikrofon, valge, OMEGA, 1tk","99,90 € 99,90 €/tk "
10341,"Adrian pitsist reiekaitse taskuga nahatooni suurus 3/4, ADRIAN","149,90 € 149,90 €/tk "
10342,"Adrian pitsist reiekaitse taskuga nahatooni suurus 5/6, ADRIAN","49,90 €  49,90 €/tk "
10343,"Adrian pitsist reiekaitse taskuga nahatooni suurus 7/8, ADRIAN","6,99 €  6,99 €/tk "
10344,"Adrian pitsist reiekaitse taskuga must suurus 3/4, ADRIAN","6,99 €  6,99 €/tk "
10345,"Adrian pitsist reiekaitse taskuga must suurus 5/6, ADRIAN","6,99 €  6,99 €/tk "
10346,"Adrian pitsist reiekaitse taskuga must suurus 7/8, ADRIAN","6,99 €  6,99 €/tk "
10347,"Adrian pitsist reiekaitse sile/mustrita nahatooni suurus 3/4, ADRIAN","6,99 €  6,99 €/tk "
10348,"Adrian pitsist reiekaitse sile/mustrita nahatooni suurus 5/6, ADRIAN","6,99 €  6,99 €/tk "
10349,"Adrian pitsist reiekaitse sile/mustrita nahatooni suurus 7/8, ADRIAN","6,99 €  6,99 €/tk "
10350,"Adrian pitsist reiekaitse sile/mustrita must suurus 3/4, ADRIAN","6,99 €  6,99 €/tk "
10351,"Adrian pitsist reiekaitse sile/mustrita must suurus 5/6, ADRIAN","6,99 €  6,99 €/tk "
10352,"Adrian pitsist reiekaitse sile/mustrita must suurus 7/8, ADRIAN","6,99 €  6,99 €/tk "
10353,"Aeg/ Eesti kaart, EOMAP, 1tk","6,99 €  6,99 €/tk "
10354,"Inglise tähestik / Numbrid inglise keeles, EOMAP, 1tk","6,99 €  6,99 €/tk "
10355,"Vene tähestik / Korrutamine, EOMAP, 1tk","1,79 €  1,79 €/tk "
10356,"Õppevahendite komplekt A4, EOMAP, 1tk","1,79 €  1,79 €/tk "
10357,Kingitus: koolitarbed Lasterikaste Perede Liidule,"1,79 €  1,79 €/tk "
10358,"Present Surprise nukk, L.O.L, 1 tk","8,99 €  8,99 €/tk "
10359,"Present Surprise confetti nukk, L.O.L, 1 tk","10,00 €  10,00 €/tk "
10360,"Üllatusnukk koos maja sisustus komplektiga, L.O.L, 1 tk","16,99 €  16,99 €/tk "
10361,"Pimepakk, ROBLOX, 1 tk","19,99 €  19,99 €/tk "
10362,"Pimepakk, FROZEN 2, 1 tk","26,99 €  26,99 €/tk "
10363,"Väike mängukomplekt, LITTLEST PET SHOP, 1 tk","6,99 €  6,99 €/tk "
10364,"Venom Burst, SPIDERMAN, 1 tk","5,99 €  5,99 €/tk "
10365,"GEN WFC E Battle Master figuur, TRANSFORMERS, 1 tk","4,99 €  4,99 €/tk "
10366,"Üllatusnukk, BABY BORN, 1 tk","9,99 €  9,99 €/tk "
10367,"Püss Elite 2.0 Commander RC 6, NERF, 1 tk","8,99 €  8,99 €/tk "
10368,"Püss Elite 2.0 Shockwave RD 15, NERF, 1 tk","17,99 €  17,99 €/tk "
10369,"Püss Elite 2.0 Volt SD 1, NERF, 1 tk","22,90 €  22,90 €/tk "
10370,"Naiste põlvikud Micro 50den, GOLDEN LADY, 1 suurus nero","39,90 €  39,90 €/tk "
10371,"Müts beanie, värv tumesinine, üks suurus","17,49 €  17,49 €/tk "
10372,"Müts beanie, värv must, üks suurus","2,49 €  2,49 €/tk "
10373,"Whey Protein 80 Maasikamaitseline, ICONFIT, 1 kg","7,99 €  7,99 €/tk "
10374,"Overnight Oats Šokolaadi-Maapähkli, ICONFIT, 700 g","7,99 €  7,99 €/tk "
10375,"Promour Protein Shake Kreemjas Pirn, LEADER, 250 ml","12,99 €  12,99 €/kg "
10376,"Promour Protein Shake Marjane Kookos, LEADER, 250 ml","6,49 €  9,27 €/kg "
10377,"Grilli läbipõletamine, 6251376, LEGO, 1 tk","2,39 €  9,56 €/l "
10378,"Pandade lasteaed, 21158, LEGO, 1 tk","2,39 €  9,56 €/l "
10379,"Kaabel 3in1 microUSB/USB-C/Lightning 1,5A, must, OMEGA, 1,2m","9,99 €  9,99 €/tk "
10380,"Proteiinibatoon Caramel Cookie Dough, PULSAAR, 55 g","24,90 €  24,90 €/tk "
10381,"Overnight Oats Õuna-Kaneeli, ICONFIT, 700 g","9,99 €  9,99 €/tk "
10382,"SuperFood Vegan Protein, SELF, 500 g","2,29 €  41,64 €/kg "
10383,"Naiste sokid Pompea Microfibra 100 nero, üks suurus","6,49 €  9,27 €/kg "
10384,"Naiste põlvik L´Elledue, Cale 20den 510311/03, 2-paar, üks suurus naturel","21,90 €  43,80 €/kg "
10385,"Meeste sokid Bolero, ilma mustrita modaal BM212, 40-42 must","2,49 €  2,49 €/tk "
10386,"Naiste põlvik Dim Resist 40den 2104, üks suurus must","1,49 €  0,75 €/tk "
10387,"Meeste sokid Bolero, musta värvi, aknaga BM212/29 40-42","1,99 €  1,99 €/tk "
10388,"Meeste sokid Bolero, musta värvi, aknaga BM212/29 43-46","4,79 €  4,79 €/tk "
10389,"Meeste sokid Bolero, mustrita modaal BM212, 43-46 must","1,99 €  1,99 €/tk "
10390,"Naiste Dim thermo põlvikud 04KH, üks suurus noir","1,99 €  1,99 €/tk "
10391,"Naiste sokid Bolero BW656/04, h.sinine/mummuline 36-40","1,99 €  1,99 €/tk "
10392,"Naiste kõrged sokid Bolero BW657/53, hall/valge/sätendav triip 36-40","4,99 €  4,99 €/tk "
10393,"Naiste sukkpüksid Golden Lady, Comfort 20 den 38FUT001A02 melon S","1,99 €  1,99 €/tk "
10394,Naiste sukkpüksid Golden Lady Comfort 20 den 38FUT001A03 melon M,"1,99 €  1,99 €/tk "
10395,Naiste sukkpüksid Golden Lady Comfort 20 den 38FUT001A04 melon L,"1,99 €  1,99 €/tk "
10396,"Lumehari jääkraabitsaga, BOTTARI, 1 tk","1,99 €  1,99 €/tk "
10397,Aga miks mehed sellised on?,"1,99 €  1,99 €/tk "
10398,Väikese hiire talv,"6,99 €  6,99 €/tk "
10399,Võtku homme mind või saatan,"17,99 €  17,99 €/tk "
10400,"Ferrari F8 Tributo, 6289089, LEGO, 1 tk","9,99 €  9,99 €/tk "
10401,"Massaži-kaelapadi, NEDIS, 1tk","46,90 € 62,53 €/l "
10402,Igaüks on imelik,"24,90 €  24,90 €/tk "
10403,"Kolmeosaline spordijoogipudel, ATOM, 500ml","11,99 € 11,99 €/tk "
10404,"Seebimullitaja Frozen2, , 1 tk","26,90 € 26,90 €/tk "
10405,Kolm esimest muinasjuttu,"15,99 €  15,99 €/tk "
10406,"Lahenda, värvi, ühenda. Harjutusvihik","2,99 € 2,99 €/tk "
10407,Barbie. värvimisraamat kleepsudega,"5,99 € 5,99 €/tk "
10408,Lumekuninganna 2. Elsa ja Anna uued seiklused. Värviraamat kleepsudega.,"0,69 €  0,69 €/rl "
10409,"Proteiinibatoon Brownie White Chocolate, PULSAAR, 55 g","8,99 €  8,99 €/tk "
10410,"Video registraator, PRESTIGO, 1tk","8,49 €  8,49 €/tk "
10411,"HULGI Naiste põlvikud Cale 20 den L´ELLEDUE, 4x2-paari 510311/21 nero üks suurus","3,99 €  3,99 €/tk "
10412,"HULGI Naiste põlvikud Cale 20 den L´ELLEDUE, 4x2-paari 510311/15 visione üks suurus,","3,99 €  3,99 €/tk "
10413,"Koopiapaber A4/500L, ECLIPSE, 1tk","2,29 €  41,64 €/kg "
10414,"Koopiapaber A4/500L, ECLIPSE, 1 kast","96,90 € 96,90 €/tk "
10415,"Märkmepaber 100L neoon lilla, STICK´N, 1tk","149,90 € 149,90 €/tk "
10416,"Ümbrik trukiga A4, M&G 1tk","5,00 €  0,63 €/tk "
10417,"Viltpliiats 2 otsaga, M&G, 10 tk","5,00 €  0,63 €/tk "
10418,"Pintsel nr. 3, 5, 7, 9 sünteetiline ümar, M&G, 1tk","3,19 €  3,19 €/tk "
10419,"Meeste bambussokid, 3-paar 6391-01-39 Must 39-42, FRIENDS","6,99 €  2,33 €/tk "
10420,"Meeste bambussokid, 3-paar 6391-01-43 Must 43-46, FRIENDS","6,99 €  2,33 €/tk "
10421,"Meeste bambussokid 6191-01-40 Must 39-42, FRIENDS","2,99 €  2,99 €/tk "
10422,"Meeste bambussokid 6191-01-44 Must 43-46, FRIENDS","2,99 €  2,99 €/tk "
10423,"Tupla + Protein Caramel valgubatoon, TUPLA, 55 g","1,79 €  32,55 €/kg "
10424,"Proteiinibatoon Hazelnut&Nougat vegan, BAREBELLS, 60 g","2,69 €  44,83 €/kg "
10425,"Proteiinisuupiste Double Chocolate Snack, OLIMP, 60g","2,89 €  48,17 €/kg "
10426,"Naiste bambussokid, 3-paar 7391-01-35 must 35-38, FRIENDS","6,49 €  2,16 €/tk "
10427,"Naiste bambussokid, 3-paar 7391-01-39 must 39-42, FRIENDS","6,49 €  2,16 €/tk "
10428,"Proteiinibatoon Salty peanut, vegan, BAREBELLS, 60 g","2,69 €  44,83 €/kg "
10429,"Pangakaardi taskud kopeerimiskindlad, DURABLE, 3 tk","5,99 €  2,00 €/tk "
10430,"Helkur spiraaliga, segu disainid, KIILU, 1 tk","3,99 €  3,99 €/tk "
10431,"Naiste sokid Cale 20den, L'ELLEDUE, üks suurus","1,79 €  0,90 €/tk "
10432,"Akupank Leather 5200mAh sinine, PLATINET,","15,99 €  15,99 €/tk "
10433,"Kaabel microUSB - USB 2.0, VIVANCO, 1,2m","8,99 €  8,99 €/tk "
10434,"Liulaud Friends 4 erivärvi, STIGA, 1 tk","3,99 €  3,99 €/tk "
10435,Naine 2. Läbi tule ja vee,"21,90 €  21,90 €/tk "
10436,Ohjeldamatu raev,"14,99 €  14,99 €/tk "
10437,Tippsport ja dopingukindralid,"18,99 €  18,99 €/tk "
10438,Lumekuninganna ja igavene talv. Suur värvimisraamat,"6,99 €  6,99 €/tk "
10439,Paw patrol. Suur värvimisraamat kleepsudega,"3,99 €  3,99 €/tk "
10440,"Karu istuv lipsuga helepruun, 55 cm","23,90 €  23,90 €/tk "
10441,"Karu istuv lipsuga roosa, 55 cm","6,29 €  6,29 €/tk "
10442,"Karu istuv lipsuga kreemjas, 55 cm","6,29 €  6,29 €/tk "
10443,DVD O2,"15,99 €  15,99 tk "
10444,"Proteiinisuupiste Hazelnut Cream Snack, OLIMP, 60g","2,89 €  48,17 €/kg "
10445,"Scania mudelid - veoautod ja töömasinad, WELLY, 1 tk","1,99 €  1,99 €/tk "
10446,"Šokolaaditort, EESTI PAGAR, 1 kg","12,49 €  12,49 €/kg "
10447,"Kakaokeeks Kinder Delice, FERRERO, 42g","0,59 €  14,05 €/kg "
10448,"Kelk Twister piduritega, PLASTKON, 1tk","10,99 €  10,99 €/tk "
10449,"Liugur Pinguin, PLASTKON, 1tk","1,59 €  1,59 €/tk "
10450,"Lastelabidas Smart 29, PATROL","3,99 €  3,99 €/tk "
10451,"Lumelabidas Vinson, PATROL","6,99 €  6,99 €/tk "
10452,"Beebikelk Cruiser, STIGA, 1tk","23,90 €  23,90 €/tk "
10453,"Kelk Meteor 60, PLASTKON, 1tk","9,99 €  9,99 €/tk "
10454,"Sarapuupähklitega piimašokolaadipallid Lindor, LINDT, 200 g","6,99 €  34,95 €/kg "
10455,"Jahvatatud kohv Dansk Guld purgis, MERRILD, 250g","4,99 €  19,96 €/kg "
10456,"Autolabidas Solid, must, FISKARS, 1tk","5,29 €  17,63 €/kg "
10457,"Lumesahk K1,oranz, PATROL, 1tk","46,90 €  62,53 €/l "
10458,"Lumelabidas Solid, FISKARS, 1tk","9,99 €  13,32 €/l "
10459,"Lumelaud Solid, FISKARS, 1tk","9,99 €  13,32 €/l "
10460,"Piduritega kelk Sno Glider, HAMAX, 1tk","5,29 €  10,58 €/kg "
10461,"Valgustatud põdra pea pruun, FINNLUMOR, 1tk","5,99 €  5,99 €/tk "
